@article{RN16,
   author = {Abdulkadiroglu, A. and Pathak, P. A. and Walters, C. R.},
   title = {Free to Choose: Can School Choice Reduce Student Achievement?},
   journal = {American Economic Journal-Applied Economics},
   volume = {10},
   number = {1},
   pages = {175-206},
   ISSN = {1945-7782},
   DOI = {10.1257/app.20160634},
   url = {<Go to ISI>://WOS:000419143400006
https://pubs.aeaweb.org/doi/pdfplus/10.1257/app.20160634},
   note={internal-pdf://3970272831/Abdulkadiroglu-2018-Free to Choose_ Can School.pdf},
   year = {2018},
   type = {Journal Article}
}

@article{RN201,
   author = {Abouk, R. and Adams, S.},
   title = {Texting Bans and Fatal Accidents on Roadways: Do They Work? Or Do Drivers Just React to Announcements of Bans?},
   journal = {American Economic Journal-Applied Economics},
   volume = {5},
   number = {2},
   pages = {179-199},
   ISSN = {1945-7782},
   DOI = {10.1257/app.5.2.179},
   url = {<Go to ISI>://WOS:000316732800007
https://pubs.aeaweb.org/doi/pdfplus/10.1257/app.5.2.179},
   note={internal-pdf://3618108503/Abouk-2013-Texting Bans and Fatal Accidents on.pdf},
   year = {2013},
   type = {Journal Article}
}

@article{RN266,
   author = {Abramitzky, R. and Delavande, A. and Vasconcelos, L.},
   title = {Marrying Up: The Role of Sex Ratio in Assortative Matching},
   journal = {American Economic Journal-Applied Economics},
   volume = {3},
   number = {3},
   pages = {124-157},
   ISSN = {1945-7782},
   DOI = {10.1257/app.3.3.124},
   url = {<Go to ISI>://WOS:000292374300005
https://pubs.aeaweb.org/doi/pdfplus/10.1257/app.3.3.124},
   note={internal-pdf://2684863539/Abramitzky-2011-Marrying Up_ The Role of Sex R.pdf},
   year = {2011},
   type = {Journal Article}
}

@article{RN214,
   author = {Abrams, D. S.},
   title = {Estimating the Deterrent Effect of Incarceration Using Sentencing Enhancements},
   journal = {American Economic Journal-Applied Economics},
   volume = {4},
   number = {4},
   pages = {32-56},
   ISSN = {1945-7782},
   DOI = {10.1257/app.4.4.32},
   url = {<Go to ISI>://WOS:000309513600002
https://pubs.aeaweb.org/doi/pdfplus/10.1257/app.4.4.32},
   note={internal-pdf://2380547673/Abrams-2012-Estimating the Deterrent Effect of.pdf},
   year = {2012},
   type = {Journal Article}
}

@article{RN346,
   author = {Abrevaya, J.},
   title = {Are There Missing Girls in the United States? Evidence from Birth Data},
   journal = {American Economic Journal-Applied Economics},
   volume = {1},
   number = {2},
   pages = {1-34},
   ISSN = {1945-7782},
   DOI = {10.1257/app.1.2.1},
   url = {<Go to ISI>://WOS:000284558200001
https://pubs.aeaweb.org/doi/pdfplus/10.1257/app.1.2.1},
   note={internal-pdf://3718403467/Abrevaya-2009-Are There Missing Girls in the U.pdf},
   year = {2009},
   type = {Journal Article}
}

@article{RN321,
   author = {Adda, J. and Cornaglia, F.},
   title = {The Effect of Bans and Taxes on Passive Smoking},
   journal = {American Economic Journal-Applied Economics},
   volume = {2},
   number = {1},
   pages = {1-32},
   ISSN = {1945-7782},
   DOI = {10.1257/app.2.1.1},
   url = {<Go to ISI>://WOS:000284558700001
https://pubs.aeaweb.org/doi/pdfplus/10.1257/app.2.1.1},
   note={internal-pdf://3852887308/Adda-2010-The Effect of Bans and Taxes on Pass.pdf},
   year = {2010},
   type = {Journal Article}
}

@article{RN44,
   author = {Adukia, A.},
   title = {Sanitation and Education},
   journal = {American Economic Journal-Applied Economics},
   volume = {9},
   number = {2},
   pages = {23-59},
   ISSN = {1945-7782},
   DOI = {10.1257/app.20150083},
   url = {<Go to ISI>://WOS:000398733400002
https://pubs.aeaweb.org/doi/pdfplus/10.1257/app.20150083},
   note={internal-pdf://2766240908/Adukia-2017-Sanitation and Education.pdf},
   year = {2017},
   type = {Journal Article}
}

@article{RN210,
   author = {Agarwal, S. and Mazumder, B.},
   title = {Cognitive Abilities and Household Financial Decision Making},
   journal = {American Economic Journal-Applied Economics},
   volume = {5},
   number = {1},
   pages = {193-207},
   ISSN = {1945-7782},
   DOI = {10.1257/app.5.1.193},
   url = {<Go to ISI>://WOS:000313044600007
https://pubs.aeaweb.org/doi/pdfplus/10.1257/app.5.1.193},
   note={internal-pdf://3595546264/Agarwal-2013-Cognitive Abilities and Household.pdf},
   year = {2013},
   type = {Journal Article}
}

@article{RN93,
   author = {Agrawal, A. and Goldfarb, A. and Teodoridis, F.},
   title = {Understanding the Changing Structure of Scientific Inquiry},
   journal = {American Economic Journal-Applied Economics},
   volume = {8},
   number = {1},
   pages = {100-128},
   ISSN = {1945-7782},
   DOI = {10.1257/app.20140135},
   url = {<Go to ISI>://WOS:000366944500004
https://pubs.aeaweb.org/doi/pdfplus/10.1257/app.20140135},
   note={internal-pdf://1711447972/Agrawal-2016-Understanding the Changing Struct.pdf},
   year = {2016},
   type = {Journal Article}
}

@article{RN20,
   author = {Aizer, A. and Currie, J. and Simon, P. and Vivier, P.},
   title = {Do Low Levels of Blood Lead Reduce Children's Future Test Scores?},
   journal = {American Economic Journal-Applied Economics},
   volume = {10},
   number = {1},
   pages = {307-341},
   ISSN = {1945-7782},
   DOI = {10.1257/app.20160404},
   url = {<Go to ISI>://WOS:000419143400010
https://pubs.aeaweb.org/doi/pdfplus/10.1257/app.20160404},
   note={internal-pdf://2362955270/Aizer-2018-Do Low Levels of Blood Lead Reduce.pdf},
   year = {2018},
   type = {Journal Article}
}

@article{RN195,
   author = {Akee, R. and Simeonova, E. and Copeland, W. and Angold, A. and Costello, E. J.},
   title = {Young Adult Obesity and Household Income: Effects of Unconditional Cash Transfers},
   journal = {American Economic Journal-Applied Economics},
   volume = {5},
   number = {2},
   pages = {1-28},
   ISSN = {1945-7782},
   DOI = {10.1257/app.5.2.1},
   url = {<Go to ISI>://WOS:000316732800001
https://www.ncbi.nlm.nih.gov/pmc/articles/PMC3975822/pdf/nihms564796.pdf},
   note={internal-pdf://3337937139/Akee-2013-Young Adult Obesity and Household In.pdf},
   year = {2013},
   type = {Journal Article}
}

@article{RN324,
   author = {Akee, R. K. Q. and Copeland, W. E. and Keeler, G. and Angold, A. and Costello, E. J.},
   title = {Parents' Incomes and Children's Outcomes: A Quasi-Experiment Using Transfer Payments from Casino Profits},
   journal = {American Economic Journal-Applied Economics},
   volume = {2},
   number = {1},
   pages = {86-115},
   ISSN = {1945-7782},
   DOI = {10.1057/app.2.1.86},
   url = {<Go to ISI>://WOS:000284558700004
https://www.ncbi.nlm.nih.gov/pmc/articles/PMC2891175/pdf/nihms-129450.pdf},
   note={internal-pdf://3159618714/Akee-2010-Parents' Incomes and Children's Outc.pdf},
   year = {2010},
   type = {Journal Article}
}

@article{RN302,
   author = {Aker, J. C.},
   title = {Information from Markets Near and Far: Mobile Phones and Agricultural Markets in Niger},
   journal = {American Economic Journal-Applied Economics},
   volume = {2},
   number = {3},
   pages = {46-59},
   ISSN = {1945-7782},
   DOI = {10.1257/app.2.3.46},
   url = {<Go to ISI>://WOS:000284558900003
https://pubs.aeaweb.org/doi/pdfplus/10.1257/app.2.3.46},
   note={internal-pdf://0699590569/Aker-2010-Information from Markets Near and Fa.pdf},
   year = {2010},
   type = {Journal Article}
}

@article{RN216,
   author = {Aker, J. C. and Ksoll, C. and Lybbert, T. J.},
   title = {Can Mobile Phones Improve Learning? Evidence from a Field Experiment in Niger},
   journal = {American Economic Journal-Applied Economics},
   volume = {4},
   number = {4},
   pages = {94-120},
   ISSN = {1945-7782},
   DOI = {10.1257/app.4.4.94},
   url = {<Go to ISI>://WOS:000309513600004
https://pubs.aeaweb.org/doi/pdfplus/10.1257/app.4.4.94},
   note={internal-pdf://0056616228/Aker-2012-Can Mobile Phones Improve Learning_.pdf},
   year = {2012},
   type = {Journal Article}
}

@article{RN193,
   author = {Algan, Y. and Cahuc, P. and Shleifer, A.},
   title = {Teaching Practices and Social Capital},
   journal = {American Economic Journal-Applied Economics},
   volume = {5},
   number = {3},
   pages = {189-210},
   ISSN = {1945-7782},
   DOI = {10.1257/app.5.3.189},
   url = {<Go to ISI>://WOS:000321251600009
https://pubs.aeaweb.org/doi/pdfplus/10.1257/app.5.3.189},
   note={internal-pdf://2099050267/Algan-2013-Teaching Practices and Social Capit.pdf},
   year = {2013},
   type = {Journal Article}
}

@article{RN226,
   author = {Almeida, R. and Carneiro, P.},
   title = {Enforcement of Labor Regulation and Informality},
   journal = {American Economic Journal-Applied Economics},
   volume = {4},
   number = {3},
   pages = {64-89},
   ISSN = {1945-7782},
   DOI = {10.1257/app.4.3.64},
   url = {<Go to ISI>://WOS:000306108700004
https://pubs.aeaweb.org/doi/pdfplus/10.1257/app.4.3.64},
   note={internal-pdf://1588534748/Almeida-2012-Enforcement of Labor Regulation a.pdf},
   year = {2012},
   type = {Journal Article}
}

@article{RN255,
   author = {Almond, D. and Mazumder, B.},
   title = {Health Capital and the Prenatal Environment: The Effect of Ramadan Observance During Pregnancy},
   journal = {American Economic Journal-Applied Economics},
   volume = {3},
   number = {4},
   pages = {56-85},
   ISSN = {1945-7782},
   DOI = {10.1257/app.3.4.56},
   url = {<Go to ISI>://WOS:000295626200003
https://pubs.aeaweb.org/doi/pdfplus/10.1257/app.3.4.56},
   note={internal-pdf://2392081051/Almond-2011-Health Capital and the Prenatal En.pdf},
   year = {2011},
   type = {Journal Article}
}

@article{RN125,
   author = {Ambler, K. and Aycinena, D. and Yang, D.},
   title = {Channeling Remittances to Education: A Field Experiment among Migrants from El Salvador},
   journal = {American Economic Journal-Applied Economics},
   volume = {7},
   number = {2},
   pages = {207-232},
   ISSN = {1945-7782},
   DOI = {10.1257/app.20140010},
   url = {<Go to ISI>://WOS:000351932800008
https://www.ncbi.nlm.nih.gov/pmc/articles/PMC4437739/pdf/nihms608279.pdf},
   note={internal-pdf://4179183813/Ambler-2015-Channeling Remittances to Educatio.pdf},
   year = {2015},
   type = {Journal Article}
}

@article{RN273,
   author = {Ananat, E. O.},
   title = {The Wrong Side(s) of the Tracks: The Causal Effects of Racial Segregation on Urban Poverty and Inequality},
   journal = {American Economic Journal-Applied Economics},
   volume = {3},
   number = {2},
   pages = {34-66},
   ISSN = {1945-7782},
   DOI = {10.1257/app.3.2.34},
   url = {<Go to ISI>://WOS:000289078200002
https://pubs.aeaweb.org/doi/pdfplus/10.1257/app.3.2.34},
   note={internal-pdf://0308039969/Ananat-2011-The Wrong Side(s) of the Tracks_ T.pdf},
   year = {2011},
   type = {Journal Article}
}

@article{RN288,
   author = {Anderson, M. L. and Matsa, D. A.},
   title = {Are Restaurants Really Supersizing America?},
   journal = {American Economic Journal-Applied Economics},
   volume = {3},
   number = {1},
   pages = {152-188},
   ISSN = {1945-7782},
   DOI = {10.1257/app.3.1.152},
   url = {<Go to ISI>://WOS:000287105100007
https://pubs.aeaweb.org/doi/pdfplus/10.1257/app.3.1.152},
   note={internal-pdf://3500564798/Anderson-2011-Are Restaurants Really Supersizi.pdf},
   year = {2011},
   type = {Journal Article}
}

@article{RN281,
   author = {Anderson, S.},
   title = {Caste as an Impediment to Trade},
   journal = {American Economic Journal-Applied Economics},
   volume = {3},
   number = {1},
   pages = {239-263},
   ISSN = {1945-7782},
   DOI = {10.1257/app.3.1.239},
   url = {<Go to ISI>://WOS:000287105100010
https://pubs.aeaweb.org/doi/pdfplus/10.1257/app.3.1.239},
   note={internal-pdf://4143608296/Anderson-2011-Caste as an Impediment to Trade.pdf},
   year = {2011},
   type = {Journal Article}
}

@article{RN263,
   author = {Andrabi, T. and Das, J. and Khwaja, A. I. and Zajonc, T.},
   title = {Do Value-Added Estimates Add Value? Accounting for Learning Dynamics},
   journal = {American Economic Journal-Applied Economics},
   volume = {3},
   number = {3},
   pages = {29-54},
   ISSN = {1945-7782},
   DOI = {10.1257/app.3.3.29},
   url = {<Go to ISI>://WOS:000292374300002
https://pubs.aeaweb.org/doi/pdfplus/10.1257/app.3.3.29},
   note={internal-pdf://2565767763/Andrabi-2011-Do Value-Added Estimates Add Valu.pdf},
   year = {2011},
   type = {Journal Article}
}

@article{RN133,
   author = {Angelucci, M. and Karlan, D. and Zinman, J.},
   title = {Microcredit Impacts: Evidence from a Randomized Microcredit Program Placement Experiment by Compartamos Banco},
   journal = {American Economic Journal-Applied Economics},
   volume = {7},
   number = {1},
   pages = {151-182},
   ISSN = {1945-7782},
   DOI = {10.1257/app.20130537},
   url = {<Go to ISI>://WOS:000350420100006
https://pubs.aeaweb.org/doi/pdfplus/10.1257/app.20130537},
   note={internal-pdf://3686437457/Angelucci-2015-Microcredit Impacts_ Evidence f.pdf},
   year = {2015},
   type = {Journal Article}
}

@article{RN360,
   author = {Angrist, J. and Lang, D. and Oreopoulos, P.},
   title = {Incentives and Services for College Achievement: Evidence from a Randomized Trial},
   journal = {American Economic Journal-Applied Economics},
   volume = {1},
   number = {1},
   pages = {136-163},
   ISSN = {1945-7782},
   DOI = {10.1257/app.1.1.136},
   url = {<Go to ISI>://WOS:000284504500007
https://pubs.aeaweb.org/doi/pdfplus/10.1257/app.1.1.136},
   note={internal-pdf://4237271240/Angrist-2009-Incentives and Services for Colle.pdf},
   year = {2009},
   type = {Journal Article}
}

@article{RN29,
   author = {Angrist, J. D. and Battistin, E. and Vuri, D.},
   title = {In a Small Moment: Class Size and Moral Hazard in the Italian Mezzogiorno},
   journal = {American Economic Journal-Applied Economics},
   volume = {9},
   number = {4},
   pages = {216-249},
   ISSN = {1945-7782},
   DOI = {10.1257/app.20160267},
   url = {<Go to ISI>://WOS:000411565400009
https://pubs.aeaweb.org/doi/pdfplus/10.1257/app.20160267},
   note={internal-pdf://2845627311/Angrist-2017-In a Small Moment_ Class Size and.pdf},
   year = {2017},
   type = {Journal Article}
}

@article{RN275,
   author = {Angrist, J. D. and Chen, S. H.},
   title = {Schooling and the Vietnam-Era GI Bill: Evidence from the Draft Lottery},
   journal = {American Economic Journal-Applied Economics},
   volume = {3},
   number = {2},
   pages = {96-118},
   ISSN = {1945-7782},
   DOI = {10.1257/app.3.2.96},
   url = {<Go to ISI>://WOS:000289078200004
https://pubs.aeaweb.org/doi/pdfplus/10.1257/app.3.2.96},
   note={internal-pdf://2485825687/Angrist-2011-Schooling and the Vietnam-Era GI.pdf},
   year = {2011},
   type = {Journal Article}
}

@article{RN175,
   author = {Angrist, J. D. and Pathak, P. A. and Walters, C. R.},
   title = {Explaining Charter School Effectiveness},
   journal = {American Economic Journal-Applied Economics},
   volume = {5},
   number = {4},
   pages = {1-27},
   ISSN = {1945-7782},
   DOI = {10.1257/app.5.4.1},
   url = {<Go to ISI>://WOS:000325754600001
https://pubs.aeaweb.org/doi/pdfplus/10.1257/app.5.4.1},
   note={internal-pdf://0447267699/Angrist-2013-Explaining Charter School Effecti.pdf},
   year = {2013},
   type = {Journal Article}
}

@article{RN2,
   author = {Anukriti, S.},
   title = {Financial Incentives and the Fertility-Sex Ratio Trade-Off},
   journal = {American Economic Journal-Applied Economics},
   volume = {10},
   number = {2},
   pages = {27-57},
   ISSN = {1945-7782},
   DOI = {10.1257/app.20150234},
   url = {<Go to ISI>://WOS:000429600800002
https://www.aeaweb.org/articles?id=10.1257/app.20150234
https://pubs.aeaweb.org/doi/pdfplus/10.1257/app.20150234},
   note={internal-pdf://0072058257/Anukriti-2018-Financial Incentives and the Fer.pdf},
   year = {2018},
   type = {Journal Article}
}

@article{RN292,
   author = {Arcidiacono, P. and Bayer, P. and Hizmo, A.},
   title = {Beyond Signaling and Human Capital: Education and the Revelation of Ability},
   journal = {American Economic Journal-Applied Economics},
   volume = {2},
   number = {4},
   pages = {76-104},
   ISSN = {1945-7782},
   DOI = {10.1257/app.2.4.76},
   url = {<Go to ISI>://WOS:000284559000003
https://pubs.aeaweb.org/doi/pdfplus/10.1257/app.2.4.76},
   note={internal-pdf://1062929649/Arcidiacono-2010-Beyond Signaling and Human Ca.pdf},
   year = {2010},
   type = {Journal Article}
}

@article{RN147,
   author = {Arcidiacono, P. and Koedel, C.},
   title = {Race and College Success: Evidence from Missouri},
   journal = {American Economic Journal-Applied Economics},
   volume = {6},
   number = {3},
   pages = {20-57},
   ISSN = {1945-7782},
   DOI = {10.1257/app.6.3.20},
   url = {<Go to ISI>://WOS:000338844200002
https://pubs.aeaweb.org/doi/pdfplus/10.1257/app.6.3.20},
   note={internal-pdf://1196102785/Arcidiacono-2014-Race and College Success_ Evi.pdf},
   year = {2014},
   type = {Journal Article}
}

@article{RN356,
   author = {Ardington, C. and Case, A. and Hosegood, V.},
   title = {Labor Supply Responses to Large Social Transfers: Longitudinal Evidence from South Africa},
   journal = {American Economic Journal-Applied Economics},
   volume = {1},
   number = {1},
   pages = {22-48},
   ISSN = {1945-7782},
   DOI = {10.1257/app.1.1.22},
   url = {<Go to ISI>://WOS:000284504500003
https://www.ncbi.nlm.nih.gov/pmc/articles/PMC2742429/pdf/nihms84716.pdf},
   note={internal-pdf://2376469634/Ardington-2009-Labor Supply Responses to Large.pdf},
   year = {2009},
   type = {Journal Article}
}

@article{RN61,
   author = {Asher, S. and Novosad, P.},
   title = {Politics and Local Economic Growth: Evidence from India},
   journal = {American Economic Journal-Applied Economics},
   volume = {9},
   number = {1},
   pages = {229-273},
   ISSN = {1945-7782},
   DOI = {10.1257/app.20150512},
   url = {<Go to ISI>://WOS:000397242100009
https://pubs.aeaweb.org/doi/pdfplus/10.1257/app.20150512},
   note={internal-pdf://0157106088/Asher-2017-Politics and Local Economic Growth_.pdf},
   year = {2017},
   type = {Journal Article}
}

@article{RN274,
   author = {Aslund, O. and Edin, P. A. and Fredriksson, P. and Gronqvist, H.},
   title = {Peers, Neighborhoods, and Immigrant Student Achievement: Evidence from a Placement Policy},
   journal = {American Economic Journal-Applied Economics},
   volume = {3},
   number = {2},
   pages = {67-95},
   ISSN = {1945-7782},
   DOI = {10.1257/app.3.2.67},
   url = {<Go to ISI>://WOS:000289078200003
https://pubs.aeaweb.org/doi/pdfplus/10.1257/app.3.2.67},
   note={internal-pdf://1757897565/Aslund-2011-Peers, Neighborhoods, and Immigran.pdf},
   year = {2011},
   type = {Journal Article}
}

@article{RN131,
   author = {Attanasio, O. and Augsburg, B. and De Haas, R. and Fitzsimons, E. and Harmgart, H.},
   title = {The Impacts of Microfinance: Evidence from Joint-Liability Lending in Mongolia},
   journal = {American Economic Journal-Applied Economics},
   volume = {7},
   number = {1},
   pages = {90-122},
   ISSN = {1945-7782},
   DOI = {10.1257/app.20130489},
   url = {<Go to ISI>://WOS:000350420100004
https://pubs.aeaweb.org/doi/pdfplus/10.1257/app.20130489},
   note={internal-pdf://1882728191/Attanasio-2015-The Impacts of Microfinance_ Ev.pdf},
   year = {2015},
   type = {Journal Article}
}

@article{RN237,
   author = {Attanasio, O. and Barr, A. and Cardenas, J. C. and Genicot, G. and Meghir, C.},
   title = {Risk Pooling, Risk Preferences, and Social Networks},
   journal = {American Economic Journal-Applied Economics},
   volume = {4},
   number = {2},
   pages = {134-167},
   ISSN = {1945-7782},
   DOI = {10.1257/app.4.2.134},
   url = {<Go to ISI>://WOS:000302788500005
https://pubs.aeaweb.org/doi/pdfplus/10.1257/app.4.2.134},
   note={internal-pdf://3636351979/Attanasio-2012-Risk Pooling, Risk Preferences.pdf},
   year = {2012},
   type = {Journal Article}
}

@article{RN47,
   author = {Attanasio, O. and Guarin, A. and Medina, C. and Meghir, C.},
   title = {Vocational Training for Disadvantaged Youth in Colombia: A Long-Term Follow-Up},
   journal = {American Economic Journal-Applied Economics},
   volume = {9},
   number = {2},
   pages = {131-143},
   ISSN = {1945-7782},
   DOI = {10.1257/app.20150554},
   url = {<Go to ISI>://WOS:000398733400005
https://pubs.aeaweb.org/doi/pdfplus/10.1257/app.20150554},
   note={internal-pdf://0235542800/Attanasio-2017-Vocational Training for Disadva.pdf},
   year = {2017},
   type = {Journal Article}
}

@article{RN268,
   author = {Attanasio, O. and Kugler, A. and Meghir, C.},
   title = {Subsidizing Vocational Training for Disadvantaged Youth in Colombia: Evidence from a Randomized Trial},
   journal = {American Economic Journal-Applied Economics},
   volume = {3},
   number = {3},
   pages = {188-220},
   ISSN = {1945-7782},
   DOI = {10.1257/app.3.3.188},
   url = {<Go to ISI>://WOS:000292374300007
https://pubs.aeaweb.org/doi/pdfplus/10.1257/app.3.3.188},
   note={internal-pdf://1373664293/Attanasio-2011-Subsidizing Vocational Training.pdf},
   year = {2011},
   type = {Journal Article}
}

@article{RN119,
   author = {Attanasio, O. P. and Oppedisano, V. and Vera-Hernandez, M.},
   title = {Should Cash Transfers Be Conditional? Conditionality, Preventive Care, and Health Outcomes},
   journal = {American Economic Journal-Applied Economics},
   volume = {7},
   number = {2},
   pages = {35-52},
   ISSN = {1945-7782},
   DOI = {10.1257/app.20130126},
   url = {<Go to ISI>://WOS:000351932800002
https://pubs.aeaweb.org/doi/pdfplus/10.1257/app.20130126},
   note={internal-pdf://3108143898/Attanasio-2015-Should Cash Transfers Be Condit.pdf},
   year = {2015},
   type = {Journal Article}
}

@article{RN134,
   author = {Augsburg, B. and De Haas, R. and Harmgart, H. and Meghir, C.},
   title = {The Impacts of Microcredit: Evidence from Bosnia and Herzegovina},
   journal = {American Economic Journal-Applied Economics},
   volume = {7},
   number = {1},
   pages = {183-203},
   ISSN = {1945-7782},
   DOI = {10.1257/app.20130272},
   url = {<Go to ISI>://WOS:000350420100007
https://pubs.aeaweb.org/doi/pdfplus/10.1257/app.20130272},
   note={internal-pdf://0686545271/Augsburg-2015-The Impacts of Microcredit_ Evid.pdf},
   year = {2015},
   type = {Journal Article}
}

@article{RN139,
   author = {Autor, D. and Duggan, M. and Gruber, J.},
   title = {Moral Hazard and Claims Deterrence in Private Disability Insurance},
   journal = {American Economic Journal-Applied Economics},
   volume = {6},
   number = {4},
   pages = {110-141},
   ISSN = {1945-7782},
   DOI = {10.1257/app.6.4.110},
   url = {<Go to ISI>://WOS:000343330400005
https://pubs.aeaweb.org/doi/pdfplus/10.1257/app.6.4.110},
   note={internal-pdf://0453613171/Autor-2014-Moral Hazard and Claims Deterrence.pdf},
   year = {2014},
   type = {Journal Article}
}

@article{RN73,
   author = {Autor, D. H. and Duggan, M. and Greenberg, K. and Lyle, D. S.},
   title = {The Impact of Disability Benefits on Labor Supply: Evidence from the VA's Disability Compensation Program},
   journal = {American Economic Journal-Applied Economics},
   volume = {8},
   number = {3},
   pages = {31-68},
   ISSN = {1945-7782},
   DOI = {10.1257/app.20150158},
   url = {<Go to ISI>://WOS:000378819200002
https://pubs.aeaweb.org/doi/pdfplus/10.1257/app.20150158},
   note={internal-pdf://1217046769/Autor-2016-The Impact of Disability Benefits o.pdf},
   year = {2016},
   type = {Journal Article}
}

@article{RN304,
   author = {Autor, D. H. and Houseman, S. N.},
   title = {Do Temporary-Help Jobs Improve Labor Market Outcomes for Low-Skilled Workers? Evidence from "Work First"},
   journal = {American Economic Journal-Applied Economics},
   volume = {2},
   number = {3},
   pages = {96-128},
   ISSN = {1945-7782},
   DOI = {10.1257/app.2.3.96},
   url = {<Go to ISI>://WOS:000284558900005
https://pubs.aeaweb.org/doi/pdfplus/10.1257/app.2.3.96},
   note={internal-pdf://2884024871/Autor-2010-Do Temporary-Help Jobs Improve Labo.pdf},
   year = {2010},
   type = {Journal Article}
}

@article{RN92,
   author = {Autor, D. H. and Manning, A. and Smith, C. L.},
   title = {The Contribution of the Minimum Wage to US Wage Inequality over Three Decades: A Reassessment},
   journal = {American Economic Journal-Applied Economics},
   volume = {8},
   number = {1},
   pages = {58-99},
   ISSN = {1945-7782},
   DOI = {10.1257/app.20140073},
   url = {<Go to ISI>://WOS:000366944500003
https://pubs.aeaweb.org/doi/pdfplus/10.1257/app.20140073},
   note={internal-pdf://3504392772/Autor-2016-The Contribution of the Minimum Wag.pdf},
   year = {2016},
   type = {Journal Article}
}

@article{RN136,
   author = {Avitabile, C. and Clots-Figueras, I. and Masella, P.},
   title = {Citizenship, Fertility, and Parental Investments},
   journal = {American Economic Journal-Applied Economics},
   volume = {6},
   number = {4},
   pages = {35-65},
   ISSN = {1945-7782},
   DOI = {10.1257/app.6.4.35},
   url = {<Go to ISI>://WOS:000343330400002
https://pubs.aeaweb.org/doi/pdfplus/10.1257/app.6.4.35},
   note={internal-pdf://0256510492/Avitabile-2014-Citizenship, Fertility, and Par.pdf},
   year = {2014},
   type = {Journal Article}
}

@article{RN87,
   author = {Axbard, S.},
   title = {Income Opportunities and Sea Piracy in Indonesia: Evidence from Satellite Data},
   journal = {American Economic Journal-Applied Economics},
   volume = {8},
   number = {2},
   pages = {154-194},
   ISSN = {1945-7782},
   DOI = {10.1257/app.20140404},
   url = {<Go to ISI>://WOS:000373135500006
https://pubs.aeaweb.org/doi/pdfplus/10.1257/app.20140404},
   note={internal-pdf://0109570702/Axbard-2016-Income Opportunities and Sea Pirac.pdf},
   year = {2016},
   type = {Journal Article}
}

@article{RN150,
   author = {Baccara, M. and Collard-Wexler, A. and Felli, L. and Yariv, L.},
   title = {Child-Adoption Matching: Preferences for Gender and Race},
   journal = {American Economic Journal-Applied Economics},
   volume = {6},
   number = {3},
   pages = {133-158},
   ISSN = {1945-7782},
   DOI = {10.1257/app.6.3.133},
   url = {<Go to ISI>://WOS:000338844200005
https://pubs.aeaweb.org/doi/pdfplus/10.1257/app.6.3.133},
   note={internal-pdf://4006541714/Baccara-2014-Child-Adoption Matching_ Preferen.pdf},
   year = {2014},
   type = {Journal Article}
}

@article{RN235,
   author = {Bailey, M. J.},
   title = {Reexamining the Impact of Family Planning Programs on US Fertility: Evidence from the War on Poverty and the Early Years of Title X},
   journal = {American Economic Journal-Applied Economics},
   volume = {4},
   number = {2},
   pages = {62-97},
   ISSN = {1945-7782},
   DOI = {10.1257/app.4.2.62},
   url = {<Go to ISI>://WOS:000302788500003
https://www.ncbi.nlm.nih.gov/pmc/articles/PMC3348617/pdf/nihms372766.pdf},
   note={internal-pdf://0099950113/Bailey-2012-Reexamining the Impact of Family P.pdf},
   year = {2012},
   type = {Journal Article}
}

@article{RN232,
   author = {Bailey, M. J. and Hershbein, B. and Miller, A. R.},
   title = {The Opt-In Revolution? Contraception and the Gender Gap in Wages},
   journal = {American Economic Journal-Applied Economics},
   volume = {4},
   number = {3},
   pages = {225-254},
   ISSN = {1945-7782},
   DOI = {10.1257/app.4.3.225},
   url = {<Go to ISI>://WOS:000306108700010
https://www.ncbi.nlm.nih.gov/pmc/articles/PMC3684076/pdf/nihms449365.pdf},
   note={internal-pdf://2010658146/Bailey-2012-The Opt-In Revolution_ Contracepti.pdf},
   year = {2012},
   type = {Journal Article}
}

@article{RN129,
   author = {Banerjee, A. and Duflo, E. and Glennerster, R. and Kinnan, C.},
   title = {The Miracle of Microfinance? Evidence from a Randomized Evaluation},
   journal = {American Economic Journal-Applied Economics},
   volume = {7},
   number = {1},
   pages = {22-53},
   ISSN = {1945-7782},
   DOI = {10.1257/app.20130533},
   url = {<Go to ISI>://WOS:000350420100002
https://pubs.aeaweb.org/doi/pdfplus/10.1257/app.20130533},
   note={internal-pdf://3428722927/Banerjee-2015-The Miracle of Microfinance_ Evi.pdf},
   year = {2015},
   type = {Journal Article}
}

@article{RN128,
   author = {Banerjee, A. and Karlan, D. and Zinman, J.},
   title = {Six Randomized Evaluations of Microcredit: Introduction and Further Steps},
   journal = {American Economic Journal-Applied Economics},
   volume = {7},
   number = {1},
   pages = {1-21},
   ISSN = {1945-7782},
   DOI = {10.1257/app.20140287},
   url = {<Go to ISI>://WOS:000350420100001
https://pubs.aeaweb.org/doi/pdfplus/10.1257/app.20140287},
   note={internal-pdf://2288337033/Banerjee-2015-Six Randomized Evaluations of Mi.pdf},
   year = {2015},
   type = {Journal Article}
}

@article{RN31,
   author = {Banerji, R. and Berry, J. and Shotland, M.},
   title = {The Impact of Maternal Literacy and Participation Programs: Evidence from a Randomized Evaluation in India},
   journal = {American Economic Journal-Applied Economics},
   volume = {9},
   number = {4},
   pages = {303-337},
   ISSN = {1945-7782},
   DOI = {10.1257/app.20150390},
   url = {<Go to ISI>://WOS:000411565400011
https://pubs.aeaweb.org/doi/pdfplus/10.1257/app.20150390},
   note={internal-pdf://0525023156/Banerji-2017-The Impact of Maternal Literacy a.pdf},
   year = {2017},
   type = {Journal Article}
}

@article{RN244,
   author = {Bar, T. and Zussman, A.},
   title = {Partisan Grading},
   journal = {American Economic Journal-Applied Economics},
   volume = {4},
   number = {1},
   pages = {30-48},
   ISSN = {1945-7782},
   DOI = {10.1257/app.4.1.30},
   url = {<Go to ISI>://WOS:000299169300002
https://pubs.aeaweb.org/doi/pdfplus/10.1257/app.4.1.30},
   note={internal-pdf://3863430980/Bar-2012-Partisan Grading.pdf},
   year = {2012},
   type = {Journal Article}
}

@article{RN19,
   author = {Baranov, V. and Kohler, H. P.},
   title = {The Impact of AIDS Treatment on Savings and Human Capital Investment in Malawi},
   journal = {American Economic Journal-Applied Economics},
   volume = {10},
   number = {1},
   pages = {266-306},
   ISSN = {1945-7782},
   DOI = {10.1257/app.20150369},
   url = {<Go to ISI>://WOS:000419143400009
https://pubs.aeaweb.org/doi/pdfplus/10.1257/app.20150369},
   note={internal-pdf://0899241685/Baranov-2018-The Impact of AIDS Treatment on S.pdf},
   year = {2018},
   type = {Journal Article}
}

@article{RN171,
   author = {Barcellos, S. H. and Carvalho, L. S. and Lleras-Muney, A.},
   title = {Child Gender and Parental Investments In India: Are Boys and Girls Treated Differently?},
   journal = {American Economic Journal-Applied Economics},
   volume = {6},
   number = {1},
   pages = {157-189},
   ISSN = {1945-7782},
   DOI = {10.1257/app.6.1.157},
   url = {<Go to ISI>://WOS:000329292900007
https://www.ncbi.nlm.nih.gov/pmc/articles/PMC3933178/pdf/nihms511280.pdf},
   note={internal-pdf://1209818867/Barcellos-2014-Child Gender and Parental Inves.pdf},
   year = {2014},
   type = {Journal Article}
}

@article{RN259,
   author = {Bardhan, P. and Mookherjee, D.},
   title = {Subsidized Farm Input Programs and Agricultural Performance: A Farm-Level Analysis of West Bengal's Green Revolution, 1982-1995},
   journal = {American Economic Journal-Applied Economics},
   volume = {3},
   number = {4},
   pages = {186-214},
   ISSN = {1945-7782},
   DOI = {10.1257/app.3.4.186},
   url = {<Go to ISI>://WOS:000295626200007
https://pubs.aeaweb.org/doi/pdfplus/10.1257/app.3.4.186},
   note={internal-pdf://3989989684/Bardhan-2011-Subsidized Farm Input Programs an.pdf},
   year = {2011},
   type = {Journal Article}
}

@article{RN252,
   author = {Barham, T.},
   title = {Enhancing Cognitive Functioning: Medium-Term Effects of a Health and Family Planning Program in Matlab},
   journal = {American Economic Journal-Applied Economics},
   volume = {4},
   number = {1},
   pages = {245-273},
   ISSN = {1945-7782},
   DOI = {10.1257/app.4.1.245},
   url = {<Go to ISI>://WOS:000299169300010
https://pubs.aeaweb.org/doi/pdfplus/10.1257/app.4.1.245},
   note={internal-pdf://2285075206/Barham-2012-Enhancing Cognitive Functioning_ M.pdf},
   year = {2012},
   type = {Journal Article}
}

@article{RN53,
   author = {Barnhardt, S. and Field, E. and Pande, R.},
   title = {Moving to Opportunity or Isolation? Network Effects of a Randomized Housing Lottery in Urban India},
   journal = {American Economic Journal-Applied Economics},
   volume = {9},
   number = {1},
   pages = {1-32},
   ISSN = {1945-7782},
   DOI = {10.1257/app.20150397},
   url = {<Go to ISI>://WOS:000397242100001
https://pubs.aeaweb.org/doi/pdfplus/10.1257/app.20150397},
   note={internal-pdf://1539672617/Barnhardt-2017-Moving to Opportunity or Isolat.pdf},
   year = {2017},
   type = {Journal Article}
}

@article{RN278,
   author = {Barrera-Osorio, F. and Bertrand, M. and Linden, L. L. and Perez-Calle, F.},
   title = {Improving the Design of Conditional Transfer Programs: Evidence from a Randomized Education Experiment in Colombia},
   journal = {American Economic Journal-Applied Economics},
   volume = {3},
   number = {2},
   pages = {167-195},
   ISSN = {1945-7782},
   DOI = {10.1257/app.3.2.167},
   url = {<Go to ISI>://WOS:000289078200007
https://pubs.aeaweb.org/doi/pdfplus/10.1257/app.3.2.167},
   note={internal-pdf://0082680406/Barrera-Osorio-2011-Improving the Design of Co.pdf},
   year = {2011},
   type = {Journal Article}
}

@article{RN33,
   author = {Barsbai, T. and Rapoport, H. and Steinmayr, A. and Trebesch, C.},
   title = {The Effect of Labor Migration on the Diffusion of Democracy: Evidence from a Former Soviet Republic},
   journal = {American Economic Journal-Applied Economics},
   volume = {9},
   number = {3},
   pages = {36-69},
   ISSN = {1945-7782},
   DOI = {10.1257/app.20150517},
   url = {<Go to ISI>://WOS:000404525400002
https://pubs.aeaweb.org/doi/pdfplus/10.1257/app.20150517},
   note={internal-pdf://0246333860/Barsbai-2017-The Effect of Labor Migration on.pdf},
   year = {2017},
   type = {Journal Article}
}

@article{RN164,
   author = {Bartel, A. P. and Beaulieu, N. D. and Phibbs, C. S. and Stone, P. W.},
   title = {Human Capital and Productivity in a Team Environment: Evidence from the Healthcare Sector},
   journal = {American Economic Journal-Applied Economics},
   volume = {6},
   number = {2},
   pages = {231-259},
   ISSN = {1945-7782},
   DOI = {10.1257/app.6.2.231},
   url = {<Go to ISI>://WOS:000333980000010
https://pubs.aeaweb.org/doi/pdfplus/10.1257/app.6.2.231},
   note={internal-pdf://1191553526/Bartel-2014-Human Capital and Productivity in.pdf},
   year = {2014},
   type = {Journal Article}
}

@article{RN38,
   author = {Barwick, P. J. and Pathak, P. A. and Wong, M.},
   title = {Conflicts of Interest and Steering in Residential Brokerage},
   journal = {American Economic Journal-Applied Economics},
   volume = {9},
   number = {3},
   pages = {191-222},
   ISSN = {1945-7782},
   DOI = {10.1257/app.20160214},
   url = {<Go to ISI>://WOS:000404525400007
https://pubs.aeaweb.org/doi/pdfplus/10.1257/app.20160214},
   note={internal-pdf://2926104916/Barwick-2017-Conflicts of Interest and Steerin.pdf},
   year = {2017},
   type = {Journal Article}
}

@article{RN223,
   author = {Basker, E.},
   title = {Raising the Barcode Scanner: Technology and Productivity in the Retail Sector},
   journal = {American Economic Journal-Applied Economics},
   volume = {4},
   number = {3},
   pages = {1-27},
   ISSN = {1945-7782},
   DOI = {10.1257/app.4.3.1},
   url = {<Go to ISI>://WOS:000306108700001
https://pubs.aeaweb.org/doi/pdfplus/10.1257/app.4.3.1},
   note={internal-pdf://1818288310/Basker-2012-Raising the Barcode Scanner_ Techn.pdf},
   year = {2012},
   type = {Journal Article}
}

@article{RN30,
   author = {Bassi, V. and Rasul, I.},
   title = {Persuasion: A Case Study of Papal Influences on Fertility- Related Beliefs and Behavior},
   journal = {American Economic Journal-Applied Economics},
   volume = {9},
   number = {4},
   pages = {250-302},
   ISSN = {1945-7782},
   DOI = {10.1257/app.20150540},
   url = {<Go to ISI>://WOS:000411565400010
https://pubs.aeaweb.org/doi/pdfplus/10.1257/app.20150540},
   note={internal-pdf://1082716933/Bassi-2017-Persuasion_ A Case Study of Papal I.pdf},
   year = {2017},
   type = {Journal Article}
}

@article{RN51,
   author = {Bazzi, S.},
   title = {Wealth Heterogeneity and the Income Elasticity of Migration},
   journal = {American Economic Journal-Applied Economics},
   volume = {9},
   number = {2},
   pages = {219-255},
   ISSN = {1945-7782},
   DOI = {10.1257/app.20150548},
   url = {<Go to ISI>://WOS:000398733400009
https://pubs.aeaweb.org/doi/pdfplus/10.1257/app.20150548},
   note={internal-pdf://3656188675/Bazzi-2017-Wealth Heterogeneity and the Income.pdf},
   year = {2017},
   type = {Journal Article}
}

@article{RN162,
   author = {Beaudry, P. and Lewis, E.},
   title = {Do Male-Female Wage Differentials Reflect Differences in the Return to Skill? Cross-City Evidence from 1980-2000},
   journal = {American Economic Journal-Applied Economics},
   volume = {6},
   number = {2},
   pages = {178-194},
   ISSN = {1945-7782},
   DOI = {10.1257/app.6.2.178},
   url = {<Go to ISI>://WOS:000333980000008
https://pubs.aeaweb.org/doi/pdfplus/10.1257/app.6.2.178},
   note={internal-pdf://3762688940/Beaudry-2014-Do Male-Female Wage Differentials.pdf},
   year = {2014},
   type = {Journal Article}
}

@article{RN140,
   author = {Behaghel, L. and Crepon, B. and Gurgand, M.},
   title = {Private and Public Provision of Counseling to Job Seekers: Evidence from a Large Controlled Experiment},
   journal = {American Economic Journal-Applied Economics},
   volume = {6},
   number = {4},
   pages = {142-174},
   ISSN = {1945-7782},
   DOI = {10.1257/app.6.4.142},
   url = {<Go to ISI>://WOS:000343330400006
https://pubs.aeaweb.org/doi/pdfplus/10.1257/app.6.4.142},
   note={internal-pdf://2421518294/Behaghel-2014-Private and Public Provision of.pdf},
   year = {2014},
   type = {Journal Article}
}

@article{RN109,
   author = {Behaghel, L. and Crepon, B. and Le Barbanchon, T.},
   title = {Unintended Effects of Anonymous Resumes},
   journal = {American Economic Journal-Applied Economics},
   volume = {7},
   number = {3},
   pages = {1-27},
   ISSN = {1945-7782},
   DOI = {10.1257/app.20140185},
   url = {<Go to ISI>://WOS:000356954300001
https://pubs.aeaweb.org/doi/pdfplus/10.1257/app.20140185},
   note={internal-pdf://2177376913/Behaghel-2015-Unintended Effects of Anonymous.pdf},
   year = {2015},
   type = {Journal Article}
}

@article{RN58,
   author = {Behaghel, L. and de Chaisemartin, C. and Gurgand, M.},
   title = {Ready for Boarding? The Effects of a Boarding School for Disadvantaged Students'},
   journal = {American Economic Journal-Applied Economics},
   volume = {9},
   number = {1},
   pages = {140-164},
   ISSN = {1945-7782},
   DOI = {10.1257/app.20150090},
   url = {<Go to ISI>://WOS:000397242100006
https://pubs.aeaweb.org/doi/pdfplus/10.1257/app.20150090},
   note={internal-pdf://0675426740/Behaghel-2017-Ready for Boarding_ The Effects.pdf},
   year = {2017},
   type = {Journal Article}
}

@article{RN107,
   author = {Beland, L. P.},
   title = {Political Parties and Labor-Market Outcomes: Evidence from US States},
   journal = {American Economic Journal-Applied Economics},
   volume = {7},
   number = {4},
   pages = {198-220},
   ISSN = {1945-7782},
   DOI = {10.1257/app.20120387},
   url = {<Go to ISI>://WOS:000366652500008
https://pubs.aeaweb.org/doi/pdfplus/10.1257/app.20120387},
   note={internal-pdf://1210686908/Beland-2015-Political Parties and Labor-Market.pdf},
   year = {2015},
   type = {Journal Article}
}

@article{RN264,
   author = {Ben-David, I.},
   title = {Financial Constraints and Inflated Home Prices during the Real Estate Boom},
   journal = {American Economic Journal-Applied Economics},
   volume = {3},
   number = {3},
   pages = {55-87},
   ISSN = {1945-7782},
   DOI = {10.1257/app.3.3.55},
   url = {<Go to ISI>://WOS:000292374300003
https://pubs.aeaweb.org/doi/pdfplus/10.1257/app.3.3.55},
   note={internal-pdf://3798159573/Ben-David-2011-Financial Constraints and Infla.pdf},
   year = {2011},
   type = {Journal Article}
}

@article{RN309,
   author = {Bertrand, M. and Goldin, C. and Katz, L. E.},
   title = {Dynamics of the Gender Gap for Young Professionals in the Financial and Corporate Sectors},
   journal = {American Economic Journal-Applied Economics},
   volume = {2},
   number = {3},
   pages = {228-255},
   ISSN = {1945-7782},
   DOI = {10.1257/app.2.3.228},
   url = {<Go to ISI>://WOS:000284558900010
https://pubs.aeaweb.org/doi/pdfplus/10.1257/app.2.3.228},
   note={internal-pdf://2227003493/Bertrand-2010-Dynamics of the Gender Gap for Y.pdf},
   year = {2010},
   type = {Journal Article}
}

@article{RN205,
   author = {Bertrand, M. and Pan, J.},
   title = {The Trouble with Boys: Social Influences and the Gender Gap in Disruptive Behavior},
   journal = {American Economic Journal-Applied Economics},
   volume = {5},
   number = {1},
   pages = {32-64},
   ISSN = {1945-7782},
   DOI = {10.1257/app.5.1.32},
   url = {<Go to ISI>://WOS:000313044600002
https://pubs.aeaweb.org/doi/pdfplus/10.1257/app.5.1.32},
   note={internal-pdf://3825634750/Bertrand-2013-The Trouble with Boys_ Social In.pdf},
   year = {2013},
   type = {Journal Article}
}

@article{RN120,
   author = {Beuermann, D. W. and Cristia, J. and Cueto, S. and Malamud, O. and Cruz-Aguayo, Y.},
   title = {One Laptop per Child at Home: Short-Term Impacts from a Randomized Experiment in Peru},
   journal = {American Economic Journal-Applied Economics},
   volume = {7},
   number = {2},
   pages = {53-80},
   ISSN = {1945-7782},
   DOI = {10.1257/app.20130267},
   url = {<Go to ISI>://WOS:000351932800003
https://pubs.aeaweb.org/doi/pdfplus/10.1257/app.20130267},
   note={internal-pdf://4274749099/Beuermann-2015-One Laptop per Child at Home_ S.pdf},
   year = {2015},
   type = {Journal Article}
}

@article{RN203,
   author = {Bhattacharya, J. and Gathmann, C. and Miller, G.},
   title = {The Gorbachev Anti-Alcohol Campaign and Russia's Mortality Crisis},
   journal = {American Economic Journal-Applied Economics},
   volume = {5},
   number = {2},
   pages = {232-260},
   ISSN = {1945-7782},
   DOI = {10.1257/app.5.2.232},
   url = {<Go to ISI>://WOS:000316732800009
https://www.ncbi.nlm.nih.gov/pmc/articles/PMC3818525/pdf/nihms521051.pdf},
   note={internal-pdf://4111570131/Bhattacharya-2013-The Gorbachev Anti-Alcohol C.pdf},
   year = {2013},
   type = {Journal Article}
}

@article{RN35,
   author = {Bhavnani, R. R.},
   title = {Do the Effects of Temporary Ethnic Group Quotas Persist? Evidence from India},
   journal = {American Economic Journal-Applied Economics},
   volume = {9},
   number = {3},
   pages = {105-123},
   ISSN = {1945-7782},
   DOI = {10.1257/app.20160030},
   url = {<Go to ISI>://WOS:000404525400004
https://pubs.aeaweb.org/doi/pdfplus/10.1257/app.20160030},
   note={internal-pdf://1768884551/Bhavnani-2017-Do the Effects of Temporary Ethn.pdf},
   year = {2017},
   type = {Journal Article}
}

@article{RN76,
   author = {Bjornerstedt, J. and Verboven, F.},
   title = {Does Merger Simulation Work? Evidence from the Swedish Analgesics Market},
   journal = {American Economic Journal-Applied Economics},
   volume = {8},
   number = {3},
   pages = {125-164},
   ISSN = {1945-7782},
   DOI = {10.1257/app.20130034},
   url = {<Go to ISI>://WOS:000378819200005
https://pubs.aeaweb.org/doi/pdfplus/10.1257/app.20130034},
   note={internal-pdf://1544860644/Bjornerstedt-2016-Does Merger Simulation Work_.pdf},
   year = {2016},
   type = {Journal Article}
}

@article{RN97,
   author = {Black, S. E. and Devereux, P. J. and Salvanes, K. G.},
   title = {Does Grief Transfer across Generations? Bereavements during Pregnancy and Child Outcomes},
   journal = {American Economic Journal-Applied Economics},
   volume = {8},
   number = {1},
   pages = {193-223},
   ISSN = {1945-7782},
   DOI = {10.1257/app.20140262},
   url = {<Go to ISI>://WOS:000366944500008
https://pubs.aeaweb.org/doi/pdfplus/10.1257/app.20140262},
   note={internal-pdf://1488241462/Black-2016-Does Grief Transfer across Generati.pdf},
   year = {2016},
   type = {Journal Article}
}

@article{RN351,
   author = {Blank, R. M. and Charles, K. K. and Sallee, J. M.},
   title = {A Cautionary Tale About the Use of Administrative Data: Evidence from Age of Marriage Laws},
   journal = {American Economic Journal-Applied Economics},
   volume = {1},
   number = {2},
   pages = {128-149},
   ISSN = {1945-7782},
   DOI = {10.1257/app.1.2.128},
   url = {<Go to ISI>://WOS:000284558200006
https://pubs.aeaweb.org/doi/pdfplus/10.1257/app.1.2.128},
   note={internal-pdf://1667359272/Blank-2009-A Cautionary Tale About the Use of.pdf},
   year = {2009},
   type = {Journal Article}
}

@article{RN83,
   author = {Blattman, C. and Green, E. P. and Jamison, J. and Lehmann, M. C. and Annan, J.},
   title = {The Returns to Microenterprise Support among the Ultrapoor: A Field Experiment in Postwar Uganda},
   journal = {American Economic Journal-Applied Economics},
   volume = {8},
   number = {2},
   pages = {35-64},
   ISSN = {1945-7782},
   DOI = {10.1257/app.20150023},
   url = {<Go to ISI>://WOS:000373135500002
https://pubs.aeaweb.org/doi/pdfplus/10.1257/app.20150023},
   note={internal-pdf://2547765896/Blattman-2016-The Returns to Microenterprise S.pdf},
   year = {2016},
   type = {Journal Article}
}

@article{RN311,
   author = {Bleakley, H.},
   title = {Malaria Eradication in the Americas: A Retrospective Analysis of Childhood Exposure},
   journal = {American Economic Journal-Applied Economics},
   volume = {2},
   number = {2},
   pages = {1-45},
   ISSN = {1945-7782},
   DOI = {10.1257/app.2.2.1},
   url = {<Go to ISI>://WOS:000284558800001
https://pubs.aeaweb.org/doi/pdfplus/10.1257/app.2.2.1},
   note={internal-pdf://0024441772/Bleakley-2010-Malaria Eradication in the Ameri.pdf},
   year = {2010},
   type = {Journal Article}
}

@article{RN327,
   author = {Bleakley, H. and Chin, A.},
   title = {Age at Arrival, English Proficiency, and Social Assimilation Among US Immigrants},
   journal = {American Economic Journal-Applied Economics},
   volume = {2},
   number = {1},
   pages = {165-192},
   ISSN = {1945-7782},
   DOI = {10.1257/app.2.1.165},
   url = {<Go to ISI>://WOS:000284558700007
https://www.ncbi.nlm.nih.gov/pmc/articles/PMC2813069/pdf/nihms-132959.pdf},
   note={internal-pdf://4012965732/Bleakley-2010-Age at Arrival, English Proficie.pdf},
   year = {2010},
   type = {Journal Article}
}

@article{RN138,
   author = {Blimpo, M. P.},
   title = {Team Incentives for Education in Developing Countries: A Randomized Field Experiment in Benin},
   journal = {American Economic Journal-Applied Economics},
   volume = {6},
   number = {4},
   pages = {90-109},
   ISSN = {1945-7782},
   DOI = {10.1257/app.6.4.90},
   url = {<Go to ISI>://WOS:000343330400004
https://pubs.aeaweb.org/doi/pdfplus/10.1257/app.6.4.90},
   note={internal-pdf://2908960886/Blimpo-2014-Team Incentives for Education in D.pdf},
   year = {2014},
   type = {Journal Article}
}

@article{RN294,
   author = {Bosch, M. and Manacorda, M.},
   title = {Minimum Wages and Earnings Inequality in Urban Mexico},
   journal = {American Economic Journal-Applied Economics},
   volume = {2},
   number = {4},
   pages = {128-149},
   ISSN = {1945-7782},
   DOI = {10.1257/app.2.4.128},
   url = {<Go to ISI>://WOS:000284559000005
https://pubs.aeaweb.org/doi/pdfplus/10.1257/app.2.4.128},
   note={internal-pdf://0836966788/Bosch-2010-Minimum Wages and Earnings Inequali.pdf},
   year = {2010},
   type = {Journal Article}
}

@article{RN101,
   author = {Botelho, F. and Madeira, R. A. and Rangel, M. A.},
   title = {Racial Discrimination in Grading: Evidence from Brazil},
   journal = {American Economic Journal-Applied Economics},
   volume = {7},
   number = {4},
   pages = {37-52},
   ISSN = {1945-7782},
   DOI = {10.1257/app.20140352},
   url = {<Go to ISI>://WOS:000366652500002
https://pubs.aeaweb.org/doi/pdfplus/10.1257/app.20140352},
   note={internal-pdf://2422351976/Botelho-2015-Racial Discrimination in Grading_.pdf},
   year = {2015},
   type = {Journal Article}
}

@article{RN305,
   author = {Bound, J. and Lovenheim, M. F. and Turner, S.},
   title = {Why Have College Completion Rates Declined? An Analysis of Changing Student Preparation and Collegiate Resources},
   journal = {American Economic Journal-Applied Economics},
   volume = {2},
   number = {3},
   pages = {129-157},
   ISSN = {1945-7782},
   DOI = {10.1257/app.2.3.129},
   url = {<Go to ISI>://WOS:000284558900006
https://www.ncbi.nlm.nih.gov/pmc/articles/PMC3140225/pdf/nihms265716.pdf},
   note={internal-pdf://2558538253/Bound-2010-Why Have College Completion Rates D.pdf},
   year = {2010},
   type = {Journal Article}
}

@article{RN246,
   author = {Boustan, L. P.},
   title = {School Desegregation and Urban Change: Evidence from City Boundaries},
   journal = {American Economic Journal-Applied Economics},
   volume = {4},
   number = {1},
   pages = {85-108},
   ISSN = {1945-7782},
   DOI = {10.1257/app.4.1.85},
   url = {<Go to ISI>://WOS:000299169300004
https://www.ncbi.nlm.nih.gov/pmc/articles/PMC3915511/pdf/nihms543736.pdf},
   note={internal-pdf://1154696425/Boustan-2012-School Desegregation and Urban Ch.pdf},
   year = {2012},
   type = {Journal Article}
}

@article{RN240,
   author = {Brachet, T. and David, G. and Drechsler, A. M.},
   title = {The Effect of Shift Structure on Performance},
   journal = {American Economic Journal-Applied Economics},
   volume = {4},
   number = {2},
   pages = {219-246},
   ISSN = {1945-7782},
   DOI = {10.1257/app.4.2.219},
   url = {<Go to ISI>://WOS:000302788500008
https://pubs.aeaweb.org/doi/pdfplus/10.1257/app.4.2.219},
   note={internal-pdf://3100953736/Brachet-2012-The Effect of Shift Structure on.pdf},
   year = {2012},
   type = {Journal Article}
}

@article{RN102,
   author = {Breda, T. and Ly, S. T.},
   title = {Professors in Core Science Fields Are Not Always Biased against Women: Evidence from France},
   journal = {American Economic Journal-Applied Economics},
   volume = {7},
   number = {4},
   pages = {53-75},
   ISSN = {1945-7782},
   DOI = {10.1257/app.20140022},
   url = {<Go to ISI>://WOS:000366652500003
https://pubs.aeaweb.org/doi/pdfplus/10.1257/app.20140022},
   note={internal-pdf://3918613298/Breda-2015-Professors in Core Science Fields A.pdf},
   year = {2015},
   type = {Journal Article}
}

@article{RN90,
   author = {Brodeur, A. and Le, M. and Sangnier, M. and Zylberberg, Y.},
   title = {Star Wars: The Empirics Strike Back},
   journal = {American Economic Journal-Applied Economics},
   volume = {8},
   number = {1},
   pages = {1-32},
   ISSN = {1945-7782},
   DOI = {10.1257/app.20150044},
   url = {<Go to ISI>://WOS:000366944500001
https://pubs.aeaweb.org/doi/pdfplus/10.1257/app.20150044},
   note={internal-pdf://2280282444/Brodeur-2016-Star Wars_ The Empirics Strike Ba.pdf},
   year = {2016},
   type = {Journal Article}
}

@article{RN227,
   author = {Brown, K. M. and Laschever, R. A.},
   title = {When They're Sixty-Four: Peer Effects and the Timing of Retirement},
   journal = {American Economic Journal-Applied Economics},
   volume = {4},
   number = {3},
   pages = {90-115},
   ISSN = {1945-7782},
   DOI = {10.1257/app.4.3.90},
   url = {<Go to ISI>://WOS:000306108700005
https://pubs.aeaweb.org/doi/pdfplus/10.1257/app.4.3.90},
   note={internal-pdf://3834346674/Brown-2012-When They're Sixty-Four_ Peer Effec.pdf},
   year = {2012},
   type = {Journal Article}
}

@article{RN71,
   author = {Bruhn, M. and Leao, L. D. and Legovini, A. and Marchetti, R. and Zia, B.},
   title = {The Impact of High School Financial Education: Evidence from a Large-Scale Evaluation in Brazil},
   journal = {American Economic Journal-Applied Economics},
   volume = {8},
   number = {4},
   pages = {256-295},
   ISSN = {1945-7782},
   DOI = {10.1257/app.20150149},
   url = {<Go to ISI>://WOS:000390110500009
https://pubs.aeaweb.org/doi/pdfplus/10.1257/app.20150149},
   note={internal-pdf://1805094267/Bruhn-2016-The Impact of High School Financial.pdf},
   year = {2016},
   type = {Journal Article}
}

@article{RN337,
   author = {Bruhn, M. and McKenzie, D.},
   title = {In Pursuit of Balance: Randomization in Practice in Development Field Experiments},
   journal = {American Economic Journal-Applied Economics},
   volume = {1},
   number = {4},
   pages = {200-232},
   ISSN = {1945-7782},
   DOI = {10.1257/app.1.4.200},
   url = {<Go to ISI>://WOS:000284558500008
https://pubs.aeaweb.org/doi/pdfplus/10.1257/app.1.4.200},
   note={internal-pdf://1846407244/Bruhn-2009-In Pursuit of Balance_ Randomizatio.pdf},
   year = {2009},
   type = {Journal Article}
}

@article{RN100,
   author = {Bulman, G.},
   title = {The Effect of Access to College Assessments on Enrollment and Attainment},
   journal = {American Economic Journal-Applied Economics},
   volume = {7},
   number = {4},
   pages = {1-36},
   ISSN = {1945-7782},
   DOI = {10.1257/app.20140062},
   url = {<Go to ISI>://WOS:000366652500001
https://pubs.aeaweb.org/doi/pdfplus/10.1257/app.20140062},
   note={internal-pdf://0787979594/Bulman-2015-The Effect of Access to College As.pdf},
   year = {2015},
   type = {Journal Article}
}

@article{RN186,
   author = {Burde, D. and Linden, L. L.},
   title = {Bringing Education to Afghan Girls: A Randomized Controlled Trial of Village-Based Schools},
   journal = {American Economic Journal-Applied Economics},
   volume = {5},
   number = {3},
   pages = {27-40},
   ISSN = {1945-7782},
   DOI = {10.1257/app.5.3.27},
   url = {<Go to ISI>://WOS:000321251600002
https://pubs.aeaweb.org/doi/pdfplus/10.1257/app.5.3.27},
   note={internal-pdf://0737324172/Burde-2013-Bringing Education to Afghan Girls_.pdf},
   year = {2013},
   type = {Journal Article}
}

@article{RN115,
   author = {Buser, T.},
   title = {The Effect of Income on Religiousness},
   journal = {American Economic Journal-Applied Economics},
   volume = {7},
   number = {3},
   pages = {178-195},
   ISSN = {1945-7782},
   DOI = {10.1257/app.20140162},
   url = {<Go to ISI>://WOS:000356954300007
https://pubs.aeaweb.org/doi/pdfplus/10.1257/app.20140162},
   note={internal-pdf://3472735151/Buser-2015-The Effect of Income on Religiousne.pdf},
   year = {2015},
   type = {Journal Article}
}

@article{RN99,
   author = {Cadena, B. C. and Kovak, B. K.},
   title = {Immigrants Equilibrate Local Labor Markets: Evidence from the Great Recession},
   journal = {American Economic Journal-Applied Economics},
   volume = {8},
   number = {1},
   pages = {257-290},
   ISSN = {1945-7782},
   DOI = {10.1257/app.20140095},
   url = {<Go to ISI>://WOS:000366944500010
https://www.ncbi.nlm.nih.gov/pmc/articles/PMC4991313/pdf/nihms-808538.pdf},
   note={internal-pdf://3217678180/Cadena-2016-Immigrants Equilibrate Local Labor.pdf},
   year = {2016},
   type = {Journal Article}
}

@article{RN74,
   author = {Cage, J. and Rueda, V.},
   title = {The Long-Term Effects of the Printing Press in sub-Saharan Africa},
   journal = {American Economic Journal-Applied Economics},
   volume = {8},
   number = {3},
   pages = {69-99},
   ISSN = {1945-7782},
   DOI = {10.1257/app.20140379},
   url = {<Go to ISI>://WOS:000378819200003
https://pubs.aeaweb.org/doi/pdfplus/10.1257/app.20140379},
   note={internal-pdf://0912057336/Cage-2016-The Long-Term Effects of the Printin.pdf},
   year = {2016},
   type = {Journal Article}
}

@article{RN121,
   author = {Cai, J. and De Janvry, A. and Sadoulet, E.},
   title = {Social Networks and the Decision to Insure},
   journal = {American Economic Journal-Applied Economics},
   volume = {7},
   number = {2},
   pages = {81-108},
   ISSN = {1945-7782},
   DOI = {10.1257/app.20130442},
   url = {<Go to ISI>://WOS:000351932800004
https://pubs.aeaweb.org/doi/pdfplus/10.1257/app.20130442},
   note={internal-pdf://2087583943/Cai-2015-Social Networks and the Decision to I.pdf},
   year = {2015},
   type = {Journal Article}
}

@article{RN215,
   author = {Card, D. and Cardoso, A. R.},
   title = {Can Compulsory Military Service Raise Civilian Wages? Evidence from the Peacetime Draft in Portugal},
   journal = {American Economic Journal-Applied Economics},
   volume = {4},
   number = {4},
   pages = {57-93},
   ISSN = {1945-7782},
   DOI = {10.1257/app.4.4.57},
   url = {<Go to ISI>://WOS:000309513600003
https://pubs.aeaweb.org/doi/pdfplus/10.1257/app.4.4.57},
   note={internal-pdf://2209371096/Card-2012-Can Compulsory Military Service Rais.pdf},
   year = {2012},
   type = {Journal Article}
}

@article{RN295,
   author = {Card, D. and Dooley, M. D. and Payne, A. A.},
   title = {School Competition and Efficiency with Publicly Funded Catholic Schools},
   journal = {American Economic Journal-Applied Economics},
   volume = {2},
   number = {4},
   pages = {150-176},
   ISSN = {1945-7782},
   DOI = {10.1257/app.2.4.150},
   url = {<Go to ISI>://WOS:000284559000006
https://pubs.aeaweb.org/doi/pdfplus/10.1257/app.2.4.150},
   note={internal-pdf://1031541151/Card-2010-School Competition and Efficiency wi.pdf},
   year = {2010},
   type = {Journal Article}
}

@article{RN361,
   author = {Carpenter, C. and Dobkin, C.},
   title = {The Effect of Alcohol Consumption on Mortality: Regression Discontinuity Evidence from the Minimum Drinking Age},
   journal = {American Economic Journal-Applied Economics},
   volume = {1},
   number = {1},
   pages = {164-182},
   ISSN = {1945-7782},
   DOI = {10.1257/app.1.1.164},
   url = {<Go to ISI>://WOS:000284504500008
https://www.ncbi.nlm.nih.gov/pmc/articles/PMC2846371/pdf/nihms68174.pdf},
   note={internal-pdf://2553223395/Carpenter-2009-The Effect of Alcohol Consumpti.pdf},
   year = {2009},
   type = {Journal Article}
}

@article{RN142,
   author = {Carranza, E.},
   title = {Soil Endowments, Female Labor Force Participation, and the Demographic Deficit of Women in India},
   journal = {American Economic Journal-Applied Economics},
   volume = {6},
   number = {4},
   pages = {197-225},
   ISSN = {1945-7782},
   DOI = {10.1257/app.6.4.197},
   url = {<Go to ISI>://WOS:000343330400008
https://pubs.aeaweb.org/doi/pdfplus/10.1257/app.6.4.197},
   note={internal-pdf://0055583727/Carranza-2014-Soil Endowments, Female Labor Fo.pdf},
   year = {2014},
   type = {Journal Article}
}

@article{RN36,
   author = {Carrell, S. and Sacerdote, B.},
   title = {Why Do College-Going Interventions Work?},
   journal = {American Economic Journal-Applied Economics},
   volume = {9},
   number = {3},
   pages = {124-151},
   ISSN = {1945-7782},
   DOI = {10.1257/app.20150530},
   url = {<Go to ISI>://WOS:000404525400005
https://pubs.aeaweb.org/doi/pdfplus/10.1257/app.20150530},
   note={internal-pdf://3331950334/Carrell-2017-Why Do College-Going Intervention.pdf},
   year = {2017},
   type = {Journal Article}
}

@article{RN329,
   author = {Carrell, S. E. and Hoekstra, M. L.},
   title = {Externalities in the Classroom: How Children Exposed to Domestic Violence Affect Everyone's Kids},
   journal = {American Economic Journal-Applied Economics},
   volume = {2},
   number = {1},
   pages = {211-228},
   ISSN = {1945-7782},
   DOI = {10.1257/app.2.1.211},
   url = {<Go to ISI>://WOS:000284558700009
https://pubs.aeaweb.org/doi/pdfplus/10.1257/app.2.1.211},
   note={internal-pdf://1233859096/Carrell-2010-Externalities in the Classroom_ H.pdf},
   year = {2010},
   type = {Journal Article}
}

@article{RN48,
   author = {Carrillo, P. and Pomeranz, D. and Singhal, M.},
   title = {Dodging the Taxman: Firm Misreporting and Limits to Tax Enforcement},
   journal = {American Economic Journal-Applied Economics},
   volume = {9},
   number = {2},
   pages = {144-164},
   ISSN = {1945-7782},
   DOI = {10.1257/app.20140495},
   url = {<Go to ISI>://WOS:000398733400006
https://pubs.aeaweb.org/doi/pdfplus/10.1257/app.20140495},
   note={internal-pdf://2328183646/Carrillo-2017-Dodging the Taxman_ Firm Misrepo.pdf},
   year = {2017},
   type = {Journal Article}
}

@article{RN211,
   author = {Caselli, F. and Michaels, G.},
   title = {Do Oil Windfalls Improve Living Standards? Evidence from Brazil},
   journal = {American Economic Journal-Applied Economics},
   volume = {5},
   number = {1},
   pages = {208-238},
   ISSN = {1945-7782},
   DOI = {10.1257/app.5.1.208},
   url = {<Go to ISI>://WOS:000313044600008
https://pubs.aeaweb.org/doi/pdfplus/10.1257/app.5.1.208},
   note={internal-pdf://0565257663/Caselli-2013-Do Oil Windfalls Improve Living S.pdf},
   year = {2013},
   type = {Journal Article}
}

@article{RN179,
   author = {Charles, K. K. and Stephens, M.},
   title = {Employment, Wages, and Voter Turnout},
   journal = {American Economic Journal-Applied Economics},
   volume = {5},
   number = {4},
   pages = {111-143},
   ISSN = {1945-7782},
   DOI = {10.1257/app.5.4.111},
   url = {<Go to ISI>://WOS:000325754600005
https://pubs.aeaweb.org/doi/pdfplus/10.1257/app.5.4.111},
   note={internal-pdf://0261908195/Charles-2013-Employment, Wages, and Voter Turn.pdf},
   year = {2013},
   type = {Journal Article}
}

@article{RN23,
   author = {Chen, S. and Lan, X. H.},
   title = {There Will Be Killing: Collectivization and Death of Draft Animals},
   journal = {American Economic Journal-Applied Economics},
   volume = {9},
   number = {4},
   pages = {58-77},
   ISSN = {1945-7782},
   DOI = {10.1257/app.20160247},
   url = {<Go to ISI>://WOS:000411565400003
https://pubs.aeaweb.org/doi/pdfplus/10.1257/app.20160247},
   note={internal-pdf://4002445306/Chen-2017-There Will Be Killing_ Collectivizat.pdf},
   year = {2017},
   type = {Journal Article}
}

@article{RN204,
   author = {Chetty, R. and Saez, E.},
   title = {Teaching the Tax Code: Earnings Responses to an Experiment with EITC Recipients},
   journal = {American Economic Journal-Applied Economics},
   volume = {5},
   number = {1},
   pages = {1-31},
   ISSN = {1945-7782},
   DOI = {10.1257/app.5.1.1},
   url = {<Go to ISI>://WOS:000313044600001
https://pubs.aeaweb.org/doi/pdfplus/10.1257/app.5.1.1},
   note={internal-pdf://3095619310/Chetty-2013-Teaching the Tax Code_ Earnings Re.pdf},
   year = {2013},
   type = {Journal Article}
}

@article{RN22,
   author = {Chimeli, A. B. and Soares, R. R.},
   title = {The Use of Violence in Illegal Markets: Evidence from Mahogany Trade in the Brazilian Amazon},
   journal = {American Economic Journal-Applied Economics},
   volume = {9},
   number = {4},
   pages = {30-57},
   ISSN = {1945-7782},
   DOI = {10.1257/app.20160055},
   url = {<Go to ISI>://WOS:000411565400002
https://pubs.aeaweb.org/doi/pdfplus/10.1257/app.20160055},
   note={internal-pdf://1734514100/Chimeli-2017-The Use of Violence in Illegal Ma.pdf},
   year = {2017},
   type = {Journal Article}
}

@article{RN161,
   author = {Chinkhumba, J. and Godlonton, S. and Thornton, R.},
   title = {The Demand for Medical Male Circumcision},
   journal = {American Economic Journal-Applied Economics},
   volume = {6},
   number = {2},
   pages = {152-177},
   ISSN = {1945-7782},
   DOI = {10.1257/app.6.2.152},
   url = {<Go to ISI>://WOS:000333980000007
https://pubs.aeaweb.org/doi/pdfplus/10.1257/app.6.2.152},
   note={internal-pdf://1392881479/Chinkhumba-2014-The Demand for Medical Male Ci.pdf},
   year = {2014},
   type = {Journal Article}
}

@article{RN70,
   author = {Chong, A. and Cohen, I. and Field, E. and Nakasone, E. and Torero, M.},
   title = {Iron Deficiency and Schooling Attainment in Peru},
   journal = {American Economic Journal-Applied Economics},
   volume = {8},
   number = {4},
   pages = {222-255},
   ISSN = {1945-7782},
   DOI = {10.1257/app.20140494},
   url = {<Go to ISI>://WOS:000390110500008
https://pubs.aeaweb.org/doi/pdfplus/10.1257/app.20140494},
   note={internal-pdf://2116140775/Chong-2016-Iron Deficiency and Schooling Attai.pdf},
   year = {2016},
   type = {Journal Article}
}

@article{RN322,
   author = {Chou, S. Y. and Liu, J. T. and Grossman, M. and Joyce, T.},
   title = {Parental Education and Child Health: Evidence from a Natural Experiment in Taiwan},
   journal = {American Economic Journal-Applied Economics},
   volume = {2},
   number = {1},
   pages = {33-61},
   ISSN = {1945-7782},
   DOI = {10.1257/app.2.1.33},
   url = {<Go to ISI>://WOS:000284558700002
https://pubs.aeaweb.org/doi/pdfplus/10.1257/app.2.1.33},
   note={internal-pdf://1378733484/Chou-2010-Parental Education and Child Health_.pdf},
   year = {2010},
   type = {Journal Article}
}

@article{RN260,
   author = {Ciccone, A.},
   title = {Economic Shocks and Civil Conflict: A Comment},
   journal = {American Economic Journal-Applied Economics},
   volume = {3},
   number = {4},
   pages = {215-227},
   ISSN = {1945-7782},
   DOI = {10.1257/app.3.4.215},
   url = {<Go to ISI>://WOS:000295626200008
https://pubs.aeaweb.org/doi/pdfplus/10.1257/app.3.4.215},
   note={internal-pdf://4127972715/Ciccone-2011-Economic Shocks and Civil Conflic.pdf},
   year = {2011},
   type = {Journal Article}
}

@article{RN95,
   author = {Clark, D. and Del Bono, E.},
   title = {The Long-Run Effects of Attending an Elite School: Evidence from the United Kingdom},
   journal = {American Economic Journal-Applied Economics},
   volume = {8},
   number = {1},
   pages = {150-176},
   ISSN = {1945-7782},
   DOI = {10.1257/app.20130505},
   url = {<Go to ISI>://WOS:000366944500006
https://pubs.aeaweb.org/doi/pdfplus/10.1257/app.20130505},
   note={internal-pdf://3504402144/Clark-2016-The Long-Run Effects of Attending a.pdf},
   year = {2016},
   type = {Journal Article}
}

@article{RN122,
   author = {Clemens, J.},
   title = {Regulatory Redistribution in the Market for Health Insurance},
   journal = {American Economic Journal-Applied Economics},
   volume = {7},
   number = {2},
   pages = {109-134},
   ISSN = {1945-7782},
   DOI = {10.1257/app.20130169},
   url = {<Go to ISI>://WOS:000351932800005
https://pubs.aeaweb.org/doi/pdfplus/10.1257/app.20130169},
   note={internal-pdf://1227161138/Clemens-2015-Regulatory Redistribution in the.pdf},
   year = {2015},
   type = {Journal Article}
}

@article{RN251,
   author = {Clots-Figueras, I.},
   title = {Are Female Leaders Good for Education? Evidence from India},
   journal = {American Economic Journal-Applied Economics},
   volume = {4},
   number = {1},
   pages = {212-244},
   ISSN = {1945-7782},
   DOI = {10.1257/app.4.1.212},
   url = {<Go to ISI>://WOS:000299169300009
https://pubs.aeaweb.org/doi/pdfplus/10.1257/app.4.1.212},
   note={internal-pdf://3505721348/Clots-Figueras-2012-Are Female Leaders Good fo.pdf},
   year = {2012},
   type = {Journal Article}
}

@article{RN56,
   author = {Coffman, L. C. and Featherstone, C. R. and Kessler, J. B.},
   title = {Can Social Information Affect What Job You Choose and Keep?},
   journal = {American Economic Journal-Applied Economics},
   volume = {9},
   number = {1},
   pages = {96-117},
   ISSN = {1945-7782},
   DOI = {10.1257/app.20140468},
   url = {<Go to ISI>://WOS:000397242100004
https://pubs.aeaweb.org/doi/pdfplus/10.1257/app.20140468},
   note={internal-pdf://3351459057/Coffman-2017-Can Social Information Affect Wha.pdf},
   year = {2017},
   type = {Journal Article}
}

@article{RN144,
   author = {Cohodes, S. R. and Goodman, J. S.},
   title = {Merit Aid, College Quality, and College Completion: Massachusetts' Adams Scholarship as an In-Kind Subsidy},
   journal = {American Economic Journal-Applied Economics},
   volume = {6},
   number = {4},
   pages = {251-285},
   ISSN = {1945-7782},
   DOI = {10.1257/app.6.4.251},
   url = {<Go to ISI>://WOS:000343330400010
https://pubs.aeaweb.org/doi/pdfplus/10.1257/app.6.4.251},
   note={internal-pdf://3753723338/Cohodes-2014-Merit Aid, College Quality, and C.pdf},
   year = {2014},
   type = {Journal Article}
}

@article{RN363,
   author = {Cole, S.},
   title = {Fixing Market Failures or Fixing Elections? Agricultural Credit in India},
   journal = {American Economic Journal-Applied Economics},
   volume = {1},
   number = {1},
   pages = {219-250},
   ISSN = {1945-7782},
   DOI = {10.1257/app.1.1.219},
   url = {<Go to ISI>://WOS:000284504500010
https://pubs.aeaweb.org/doi/pdfplus/10.1257/app.1.1.219},
   note={internal-pdf://0547902810/Cole-2009-Fixing Market Failures or Fixing Ele.pdf},
   year = {2009},
   type = {Journal Article}
}

@article{RN207,
   author = {Cole, S. and Gine, X. and Tobacman, J. and Topalova, P. and Townsend, R. and Vickery, J.},
   title = {Barriers to Household Risk Management: Evidence from India},
   journal = {American Economic Journal-Applied Economics},
   volume = {5},
   number = {1},
   pages = {104-135},
   ISSN = {1945-7782},
   DOI = {10.1257/app.5.1.104},
   url = {<Go to ISI>://WOS:000313044600004
https://www.ncbi.nlm.nih.gov/pmc/articles/PMC3995033/pdf/nihms-402073.pdf},
   note={internal-pdf://0412572939/Cole-2013-Barriers to Household Risk Managemen.pdf},
   year = {2013},
   type = {Journal Article}
}

@article{RN212,
   author = {Collins, W. J. and Shester, K. L.},
   title = {Slum Clearance and Urban Renewal in the United States},
   journal = {American Economic Journal-Applied Economics},
   volume = {5},
   number = {1},
   pages = {239-273},
   ISSN = {1945-7782},
   DOI = {10.1257/app.5.1.239},
   url = {<Go to ISI>://WOS:000313044600009
https://pubs.aeaweb.org/doi/pdfplus/10.1257/app.5.1.239},
   note={internal-pdf://1664713974/Collins-2013-Slum Clearance and Urban Renewal.pdf},
   year = {2013},
   type = {Journal Article}
}

@article{RN173,
   author = {Collins, W. J. and Wanamaker, M. H.},
   title = {Selection and Economic Gains in the Great Migration of African Americans: New Evidence from Linked Census Data},
   journal = {American Economic Journal-Applied Economics},
   volume = {6},
   number = {1},
   pages = {220-252},
   ISSN = {1945-7782},
   DOI = {10.1257/app.6.1.220},
   url = {<Go to ISI>://WOS:000329292900009
https://pubs.aeaweb.org/doi/pdfplus/10.1257/app.6.1.220},
   note={internal-pdf://0324171234/Collins-2014-Selection and Economic Gains in t.pdf},
   year = {2014},
   type = {Journal Article}
}

@article{RN91,
   author = {Cook, P. J. and Kang, S.},
   title = {Birthdays, Schooling, and Crime: Regression-Discontinuity Analysis of School Performance, Delinquency, Dropout, and Crime Initiation},
   journal = {American Economic Journal-Applied Economics},
   volume = {8},
   number = {1},
   pages = {33-57},
   ISSN = {1945-7782},
   DOI = {10.1257/app.20140323},
   url = {<Go to ISI>://WOS:000366944500002
https://pubs.aeaweb.org/doi/pdfplus/10.1257/app.20140323},
   note={internal-pdf://1296340446/Cook-2016-Birthdays, Schooling, and Crime_ Reg.pdf},
   year = {2016},
   type = {Journal Article}
}

@article{RN265,
   author = {Cortes, P. and Tessada, J.},
   title = {Low-Skilled Immigration and the Labor Supply of Highly Skilled Women},
   journal = {American Economic Journal-Applied Economics},
   volume = {3},
   number = {3},
   pages = {88-123},
   ISSN = {1945-7782},
   DOI = {10.1257/app.3.3.88},
   url = {<Go to ISI>://WOS:000292374300004
https://www.aeaweb.org/articles?id=10.1257/app.3.3.88
https://pubs.aeaweb.org/doi/pdfplus/10.1257/app.3.3.88},
   note={internal-pdf://2609695354/Cortes-2011-Low-Skilled Immigration and the La.pdf},
   year = {2011},
   type = {Journal Article}
}

@article{RN132,
   author = {Crepon, B. and Devoto, F. and Duflo, E. and Pariente, W.},
   title = {Estimating the Impact of Microcredit on Those Who Take It Up: Evidence from a Randomized Experiment in Morocco},
   journal = {American Economic Journal-Applied Economics},
   volume = {7},
   number = {1},
   pages = {123-150},
   ISSN = {1945-7782},
   DOI = {10.1257/app.20130535},
   url = {<Go to ISI>://WOS:000350420100005
https://www.aeaweb.org/articles?id=10.1257/app.20130535
https://pubs.aeaweb.org/doi/pdfplus/10.1257/app.20130535},
   note={internal-pdf://2602065376/Crepon-2015-Estimating the Impact of Microcred.pdf},
   year = {2015},
   type = {Journal Article}
}

@article{RN41,
   author = {Cristia, J. and Ibarraran, P. and Cueto, S. and Santiago, A. and Severin, E.},
   title = {Technology and Child Development: Evidence from the One Laptop per Child Program},
   journal = {American Economic Journal-Applied Economics},
   volume = {9},
   number = {3},
   pages = {295-320},
   ISSN = {1945-7782},
   DOI = {10.1257/app.20150385},
   url = {<Go to ISI>://WOS:000404525400010
https://pubs.aeaweb.org/doi/pdfplus/10.1257/app.20150385},
   note={internal-pdf://3269161637/Cristia-2017-Technology and Child Development_.pdf},
   year = {2017},
   type = {Journal Article}
}

@article{RN163,
   author = {Cunha, J. M.},
   title = {Testing Paternalism: Cash versus In-Kind Transfers},
   journal = {American Economic Journal-Applied Economics},
   volume = {6},
   number = {2},
   pages = {195-230},
   ISSN = {1945-7782},
   DOI = {10.1257/app.6.2.195},
   url = {<Go to ISI>://WOS:000333980000009
https://pubs.aeaweb.org/doi/pdfplus/10.1257/app.6.2.195},
   note={internal-pdf://0791275993/Cunha-2014-Testing Paternalism_ Cash versus In.pdf},
   year = {2014},
   type = {Journal Article}
}

@article{RN284,
   author = {Currie, J. and Walker, R.},
   title = {Traffic Congestion and Infant Health: Evidence from E-ZPass},
   journal = {American Economic Journal-Applied Economics},
   volume = {3},
   number = {1},
   pages = {65-90},
   ISSN = {1945-7782},
   DOI = {10.1257/app.3.1.65},
   url = {<Go to ISI>://WOS:000287105100003
https://pubs.aeaweb.org/doi/pdfplus/10.1257/app.3.1.65},
   note={internal-pdf://0749115032/Currie-2011-Traffic Congestion and Infant Heal.pdf},
   year = {2011},
   type = {Journal Article}
}

@article{RN313,
   author = {Cutler, D. and Fung, W. and Kremer, M. and Singhal, M. and Vogl, T.},
   title = {Early-life Malaria Exposure and Adult Outcomes: Evidence from Malaria Eradication in India},
   journal = {American Economic Journal-Applied Economics},
   volume = {2},
   number = {2},
   pages = {72-94},
   ISSN = {1945-7782},
   DOI = {10.1257/app.2.2.72},
   url = {<Go to ISI>://WOS:000284558800003
https://pubs.aeaweb.org/doi/pdfplus/10.1257/app.2.2.72},
   note={internal-pdf://3733890788/Cutler-2010-Early-life Malaria Exposure and Ad.pdf},
   year = {2010},
   type = {Journal Article}
}

@article{RN196,
   author = {Das, J. and Dercon, S. and Habyarimana, J. and Krishnan, P. and Muralidharan, K. and Sundararaman, V.},
   title = {School Inputs, Household Substitution, and Test Scores},
   journal = {American Economic Journal-Applied Economics},
   volume = {5},
   number = {2},
   pages = {29-57},
   ISSN = {1945-7782},
   DOI = {10.1257/app.5.2.29},
   url = {<Go to ISI>://WOS:000316732800002
https://pubs.aeaweb.org/doi/pdfplus/10.1257/app.5.2.29},
   note={internal-pdf://2534192725/Das-2013-School Inputs, Household Substitution.pdf},
   year = {2013},
   type = {Journal Article}
}

@article{RN208,
   author = {Das, S. and Krishna, K. and Lychagin, S. and Somanathan, R.},
   title = {Back on the Rails: Competition and Productivity in State-Owned Industry},
   journal = {American Economic Journal-Applied Economics},
   volume = {5},
   number = {1},
   pages = {136-162},
   ISSN = {1945-7782},
   DOI = {10.1257/app.5.1.136},
   url = {<Go to ISI>://WOS:000313044600005
https://pubs.aeaweb.org/doi/pdfplus/10.1257/app.5.1.136},
   note={internal-pdf://0153876951/Das-2013-Back on the Rails_ Competition and Pr.pdf},
   year = {2013},
   type = {Journal Article}
}

@article{RN85,
   author = {Davis, L. and Hausman, C.},
   title = {Market Impacts of a Nuclear Power Plant Closure},
   journal = {American Economic Journal-Applied Economics},
   volume = {8},
   number = {2},
   pages = {92-122},
   ISSN = {1945-7782},
   DOI = {10.1257/app.20140473},
   url = {<Go to ISI>://WOS:000373135500004
https://pubs.aeaweb.org/doi/pdfplus/10.1257/app.20140473},
   note={internal-pdf://1630092741/Davis-2016-Market Impacts of a Nuclear Power P.pdf},
   year = {2016},
   type = {Journal Article}
}

@article{RN220,
   author = {Davis, L. W. and Wolfram, C.},
   title = {Deregulation, Consolidation, and Efficiency: Evidence from US Nuclear Power},
   journal = {American Economic Journal-Applied Economics},
   volume = {4},
   number = {4},
   pages = {194-225},
   ISSN = {1945-7782},
   DOI = {10.1257/app.4.4.194},
   url = {<Go to ISI>://WOS:000309513600008
https://pubs.aeaweb.org/doi/pdfplus/10.1257/app.4.4.194},
   note={internal-pdf://0097389637/Davis-2012-Deregulation, Consolidation, and Ef.pdf},
   year = {2012},
   type = {Journal Article}
}

@article{RN110,
   author = {Daysal, N. M. and Trandafir, M. and van Ewijk, R.},
   title = {Saving Lives at Birth: The Impact of Home Births on Infant Outcomes},
   journal = {American Economic Journal-Applied Economics},
   volume = {7},
   number = {3},
   pages = {28-50},
   ISSN = {1945-7782},
   DOI = {10.1257/app.20120359},
   url = {<Go to ISI>://WOS:000356954300002
https://pubs.aeaweb.org/doi/pdfplus/10.1257/app.20120359},
   note={internal-pdf://0424024936/Daysal-2015-Saving Lives at Birth_ The Impact.pdf},
   year = {2015},
   type = {Journal Article}
}

@article{RN320,
   author = {De Giorgi, G. and Pellizzari, M. and Redaelli, S.},
   title = {Identification of Social Interactions through Partially Overlapping Peer Groups},
   journal = {American Economic Journal-Applied Economics},
   volume = {2},
   number = {2},
   pages = {241-275},
   ISSN = {1945-7782},
   DOI = {10.1257/app.2.2.241},
   url = {<Go to ISI>://WOS:000284558800010
https://pubs.aeaweb.org/doi/pdfplus/10.1257/app.2.2.241},
   note={internal-pdf://2348756330/De Giorgi-2010-Identification of Social Intera.pdf},
   year = {2010},
   type = {Journal Article}
}

@article{RN338,
   author = {de Mel, S. and McKenzie, D. and Woodruff, C.},
   title = {Are Women More Credit Constrained? Experimental Evidence on Gender and Microenterprise Returns},
   journal = {American Economic Journal-Applied Economics},
   volume = {1},
   number = {3},
   pages = {1-32},
   ISSN = {1945-7782},
   DOI = {10.1257/app.1.3.1},
   url = {<Go to ISI>://WOS:000284558300001
https://www.aeaweb.org/articles?id=10.1257/app.1.3.1
https://pubs.aeaweb.org/doi/pdfplus/10.1257/app.1.3.1},
   note={internal-pdf://1797343622/de Mel-2009-Are Women More Credit Constrained_.pdf},
   year = {2009},
   type = {Journal Article}
}

@article{RN199,
   author = {de Mel, S. and McKenzie, D. and Woodruff, C.},
   title = {The Demand for, and Consequences of, Formalization among Informal Firms in Sri Lanka},
   journal = {American Economic Journal-Applied Economics},
   volume = {5},
   number = {2},
   pages = {122-150},
   ISSN = {1945-7782},
   DOI = {10.1257/app.5.2.122},
   url = {<Go to ISI>://WOS:000316732800005
https://www.aeaweb.org/articles?id=10.1257/app.5.2.122
https://pubs.aeaweb.org/doi/pdfplus/10.1257/app.5.2.122},
   note={internal-pdf://2082722475/de Mel-2013-The Demand for, and Consequences o.pdf},
   year = {2013},
   type = {Journal Article}
}

@article{RN277,
   author = {Deaton, A. and Dupriez, O.},
   title = {Purchasing Power Parity Exchange Rates for the Global Poor},
   journal = {American Economic Journal-Applied Economics},
   volume = {3},
   number = {2},
   pages = {137-166},
   ISSN = {1945-7782},
   DOI = {10.1257/app.3.2.137},
   url = {<Go to ISI>://WOS:000289078200006
https://pubs.aeaweb.org/doi/pdfplus/10.1257/app.3.2.137},
   note={internal-pdf://0443829746/Deaton-2011-Purchasing Power Parity Exchange R.pdf},
   year = {2011},
   type = {Journal Article}
}

@article{RN156,
   author = {Debaere, P.},
   title = {The Global Economics of Water: Is Water a Source of Comparative Advantage?},
   journal = {American Economic Journal-Applied Economics},
   volume = {6},
   number = {2},
   pages = {32-48},
   ISSN = {1945-7782},
   DOI = {10.1257/app.6.2.32},
   url = {<Go to ISI>://WOS:000333980000002
https://pubs.aeaweb.org/doi/pdfplus/10.1257/app.6.2.32},
   note={internal-pdf://0617185997/Debaere-2014-The Global Economics of Water_ Is.pdf},
   year = {2014},
   type = {Journal Article}
}

@article{RN169,
   author = {Decarolis, F.},
   title = {Awarding Price, Contract Performance, and Bids Screening: Evidence from Procurement Auctions},
   journal = {American Economic Journal-Applied Economics},
   volume = {6},
   number = {1},
   pages = {108-132},
   ISSN = {1945-7782},
   DOI = {10.1257/app.6.1.108},
   url = {<Go to ISI>://WOS:000329292900005
https://pubs.aeaweb.org/doi/pdfplus/10.1257/app.6.1.108},
   note={internal-pdf://1813606635/Decarolis-2014-Awarding Price, Contract Perfor.pdf},
   year = {2014},
   type = {Journal Article}
}

@article{RN98,
   author = {DellaVigna, S. and Durante, R. and Knight, B. and La Ferrara, E.},
   title = {Market-Based Lobbying: Evidence from Advertising Spending in Italy},
   journal = {American Economic Journal-Applied Economics},
   volume = {8},
   number = {1},
   pages = {224-256},
   ISSN = {1945-7782},
   DOI = {10.1257/app.20150042},
   url = {<Go to ISI>://WOS:000366944500009
https://pubs.aeaweb.org/doi/pdfplus/10.1257/app.20150042},
   note={internal-pdf://0579769254/DellaVigna-2016-Market-Based Lobbying_ Evidenc.pdf},
   year = {2016},
   type = {Journal Article}
}

@article{RN145,
   author = {DellaVigna, S. and Enikolopov, R. and Mironova, V. and Petrova, M. and Zhuravskaya, E.},
   title = {Cross-Border Media and Nationalism: Evidence from Serbian Radio in Croatia},
   journal = {American Economic Journal-Applied Economics},
   volume = {6},
   number = {3},
   pages = {103-132},
   ISSN = {1945-7782},
   DOI = {10.1257/app.6.3.103},
   url = {<Go to ISI>://WOS:000351957400001
https://pubs.aeaweb.org/doi/pdfplus/10.1257/app.6.3.103},
   note={internal-pdf://2128979133/DellaVigna-2014-Cross-Border Media and Nationa.pdf},
   year = {2014},
   type = {Journal Article}
}

@article{RN343,
   author = {Deming, D.},
   title = {Early Childhood Intervention and Life-Cycle Skill Development: Evidence from Head Start},
   journal = {American Economic Journal-Applied Economics},
   volume = {1},
   number = {3},
   pages = {111-134},
   ISSN = {1945-7782},
   DOI = {10.1257/app.1.3.111},
   url = {<Go to ISI>://WOS:000284558300006
https://pubs.aeaweb.org/doi/pdfplus/10.1257/app.1.3.111},
   note={internal-pdf://1067955480/Deming-2009-Early Childhood Intervention and L.pdf},
   year = {2009},
   type = {Journal Article}
}

@article{RN7,
   author = {Deryugina, T. and Kawano, L. and Levitt, S.},
   title = {The Economic Impact of Hurricane Katrina on Its Victims: Evidence from Individual Tax Returns},
   journal = {American Economic Journal-Applied Economics},
   volume = {10},
   number = {2},
   pages = {202-233},
   ISSN = {1945-7782},
   DOI = {10.1257/app.20160307},
   url = {<Go to ISI>://WOS:000429600800007
https://pubs.aeaweb.org/doi/pdfplus/10.1257/app.20160307},
   note={internal-pdf://3482109768/Deryugina-2018-The Economic Impact of Hurrican.pdf},
   year = {2018},
   type = {Journal Article}
}

@article{RN258,
   author = {Deschenes, O. and Greenstone, M.},
   title = {Climate Change, Mortality, and Adaptation: Evidence from Annual Fluctuations in Weather in the US},
   journal = {American Economic Journal-Applied Economics},
   volume = {3},
   number = {4},
   pages = {152-185},
   ISSN = {1945-7782},
   DOI = {10.1257/app.3.4.152},
   url = {<Go to ISI>://WOS:000295626200006
https://pubs.aeaweb.org/doi/pdfplus/10.1257/app.3.4.152},
   note={internal-pdf://2901268653/Deschenes-2011-Climate Change, Mortality, and.pdf},
   year = {2011},
   type = {Journal Article}
}

@article{RN257,
   author = {Di Tella, R. and Franceschelli, I.},
   title = {Government Advertising and Media Coverage of Corruption Scandals},
   journal = {American Economic Journal-Applied Economics},
   volume = {3},
   number = {4},
   pages = {119-151},
   ISSN = {1945-7782},
   DOI = {10.1257/app.3.4.119},
   url = {<Go to ISI>://WOS:000295626200005
https://pubs.aeaweb.org/doi/pdfplus/10.1257/app.3.4.119},
   note={internal-pdf://1607395468/Di Tella-2011-Government Advertising and Media.pdf},
   year = {2011},
   type = {Journal Article}
}

@article{RN63,
   author = {Dinkelman, T. and Mariotti, M.},
   title = {The Long-Run Effects of Labor Migration on Human Capital Formation in Communities of Origin},
   journal = {American Economic Journal-Applied Economics},
   volume = {8},
   number = {4},
   pages = {1-35},
   ISSN = {1945-7782},
   DOI = {10.1257/app.20150405},
   url = {<Go to ISI>://WOS:000390110500001
https://pubs.aeaweb.org/doi/pdfplus/10.1257/app.20150405},
   note={internal-pdf://2208441999/Dinkelman-2016-The Long-Run Effects of Labor M.pdf},
   year = {2016},
   type = {Journal Article}
}

@article{RN318,
   author = {Djankov, S. and La Porta, R. and Lopez-de-Silanes, F. and Shleifer, A.},
   title = {Disclosure by Politicians},
   journal = {American Economic Journal-Applied Economics},
   volume = {2},
   number = {2},
   pages = {179-209},
   ISSN = {1945-7782},
   DOI = {10.1257/app.2.2.179},
   url = {<Go to ISI>://WOS:000284558800008
https://pubs.aeaweb.org/doi/pdfplus/10.1257/app.2.2.179},
   note={internal-pdf://2988177905/Djankov-2010-Disclosure by Politicians.pdf},
   year = {2010},
   type = {Journal Article}
}

@article{RN21,
   author = {Do, Q. A. and Nguyen, K. T. and Tran, A. N.},
   title = {One Mandarin Benefits the Whole Clan: Hometown Favoritism in an Authoritarian Regime},
   journal = {American Economic Journal-Applied Economics},
   volume = {9},
   number = {4},
   pages = {1-29},
   ISSN = {1945-7782},
   DOI = {10.1257/app.20130472},
   url = {<Go to ISI>://WOS:000411565400001
https://pubs.aeaweb.org/doi/pdfplus/10.1257/app.20130472},
   note={internal-pdf://0506595463/Do-2017-One Mandarin Benefits the Whole Clan_.pdf},
   year = {2017},
   type = {Journal Article}
}

@article{RN299,
   author = {Do, Q. T. and Phung, T. D.},
   title = {The Importance of Being Wanted},
   journal = {American Economic Journal-Applied Economics},
   volume = {2},
   number = {4},
   pages = {236-253},
   ISSN = {1945-7782},
   DOI = {10.1257/app.2.4.236},
   url = {<Go to ISI>://WOS:000284559000010
https://pubs.aeaweb.org/doi/pdfplus/10.1257/app.2.4.236},
   note={internal-pdf://0473052781/Do-2010-The Importance of Being Wanted.pdf},
   year = {2010},
   type = {Journal Article}
}

@article{RN267,
   author = {Dobbie, W. and Fryer, R. G.},
   title = {Are High-Quality Schools Enough to Increase Achievement Among the Poor? Evidence from the Harlem Children's Zone},
   journal = {American Economic Journal-Applied Economics},
   volume = {3},
   number = {3},
   pages = {158-187},
   ISSN = {1945-7782},
   DOI = {10.1257/app.3.3.158},
   url = {<Go to ISI>://WOS:000292374300006
https://pubs.aeaweb.org/doi/pdfplus/10.1257/app.3.3.158},
   note={internal-pdf://2972075940/Dobbie-2011-Are High-Quality Schools Enough to.pdf},
   year = {2011},
   type = {Journal Article}
}

@article{RN176,
   author = {Dobbie, W. and Fryer, R. G.},
   title = {Getting Beneath the Veil of Effective Schools: Evidence From New York City},
   journal = {American Economic Journal-Applied Economics},
   volume = {5},
   number = {4},
   pages = {28-60},
   ISSN = {1945-7782},
   DOI = {10.1257/app.5.4.28},
   url = {<Go to ISI>://WOS:000325754600002
https://pubs.aeaweb.org/doi/pdfplus/10.1257/app.5.4.28},
   note={internal-pdf://0247290105/Dobbie-2013-Getting Beneath the Veil of Effect.pdf},
   year = {2013},
   type = {Journal Article}
}

@article{RN148,
   author = {Dobbie, W. and Fryer, R. G.},
   title = {The Impact of Attending a School with High-Achieving Peers: Evidence from the New York City Exam Schools},
   journal = {American Economic Journal-Applied Economics},
   volume = {6},
   number = {3},
   pages = {58-75},
   ISSN = {1945-7782},
   DOI = {10.1257/app.6.3.58},
   url = {<Go to ISI>://WOS:000338844200003
https://pubs.aeaweb.org/doi/pdfplus/10.1257/app.6.3.58},
   note={internal-pdf://3053349048/Dobbie-2014-The Impact of Attending a School w.pdf},
   year = {2014},
   type = {Journal Article}
}

@article{RN184,
   author = {Dobbie, W. and Skiba, P. M.},
   title = {Information Asymmetries in Consumer Credit Markets: Evidence from Payday Lending},
   journal = {American Economic Journal-Applied Economics},
   volume = {5},
   number = {4},
   pages = {256-282},
   ISSN = {1945-7782},
   DOI = {10.1257/app.5.4.256},
   url = {<Go to ISI>://WOS:000325754600010
https://pubs.aeaweb.org/doi/pdfplus/10.1257/app.5.4.256},
   note={internal-pdf://3501488998/Dobbie-2013-Information Asymmetries in Consume.pdf},
   year = {2013},
   type = {Journal Article}
}

@article{RN59,
   author = {Doleac, J. L.},
   title = {The Effects of DNA Databases on Crime},
   journal = {American Economic Journal-Applied Economics},
   volume = {9},
   number = {1},
   pages = {165-201},
   ISSN = {1945-7782},
   DOI = {10.1257/app.20150043},
   url = {<Go to ISI>://WOS:000397242100007
https://pubs.aeaweb.org/doi/pdfplus/10.1257/app.20150043},
   note={internal-pdf://3644179135/Doleac-2017-The Effects of DNA Databases on Cr.pdf},
   year = {2017},
   type = {Journal Article}
}

@article{RN269,
   author = {Doyle, J. J.},
   title = {Returns to Local-Area Health Care Spending: Evidence from Health Shocks to Patients Far From Home},
   journal = {American Economic Journal-Applied Economics},
   volume = {3},
   number = {3},
   pages = {221-243},
   ISSN = {1945-7782},
   DOI = {10.1257/app.3.3.221},
   url = {<Go to ISI>://WOS:000292374300008
https://www.ncbi.nlm.nih.gov/pmc/articles/PMC3707795/pdf/nihms477921.pdf},
   note={internal-pdf://1714630579/Doyle-2011-Returns to Local-Area Health Care S.pdf},
   year = {2011},
   type = {Journal Article}
}

@article{RN287,
   author = {Draca, M. and Machin, S. and Van Reenen, J.},
   title = {Minimum Wages and Firm Profitability},
   journal = {American Economic Journal-Applied Economics},
   volume = {3},
   number = {1},
   pages = {129-151},
   ISSN = {1945-7782},
   DOI = {10.1257/app.3.1.129},
   url = {<Go to ISI>://WOS:000287105100006
https://pubs.aeaweb.org/doi/pdfplus/10.1257/app.3.1.129},
   note={internal-pdf://1773702019/Draca-2011-Minimum Wages and Firm Profitabilit.pdf},
   year = {2011},
   type = {Journal Article}
}

@article{RN239,
   author = {Drago, F. and Galbiati, R.},
   title = {Indirect Effects of a Policy Altering Criminal Behavior: Evidence from the Italian Prison Experiment},
   journal = {American Economic Journal-Applied Economics},
   volume = {4},
   number = {2},
   pages = {199-218},
   ISSN = {1945-7782},
   DOI = {10.1257/app.4.2.199},
   url = {<Go to ISI>://WOS:000302788500007
https://pubs.aeaweb.org/doi/pdfplus/10.1257/app.4.2.199},
   note={internal-pdf://3715013442/Drago-2012-Indirect Effects of a Policy Alteri.pdf},
   year = {2012},
   type = {Journal Article}
}

@article{RN151,
   author = {Drago, F. and Nannicini, T. and Sobbrio, F.},
   title = {Meet the Press: How Voters and Politicians Respond to Newspaper Entry and Exit},
   journal = {American Economic Journal-Applied Economics},
   volume = {6},
   number = {3},
   pages = {159-188},
   ISSN = {1945-7782},
   DOI = {10.1257/app.6.3.159},
   url = {<Go to ISI>://WOS:000338844200006
https://pubs.aeaweb.org/doi/pdfplus/10.1257/app.6.3.159},
   note={internal-pdf://2391978455/Drago-2014-Meet the Press_ How Voters and Poli.pdf},
   year = {2014},
   type = {Journal Article}
}

@article{RN155,
   author = {Drexler, A. and Fischer, G. and Schoar, A.},
   title = {Keeping It Simple: Financial Literacy and Rules of Thumb},
   journal = {American Economic Journal-Applied Economics},
   volume = {6},
   number = {2},
   pages = {1-31},
   ISSN = {1945-7782},
   DOI = {10.1257/app.6.2.1},
   url = {<Go to ISI>://WOS:000333980000001
https://pubs.aeaweb.org/doi/pdfplus/10.1257/app.6.2.1},
   note={internal-pdf://4185265570/Drexler-2014-Keeping It Simple_ Financial Lite.pdf},
   year = {2014},
   type = {Journal Article}
}

@article{RN355,
   author = {Duflo, E.},
   title = {Untitled},
   journal = {American Economic Journal-Applied Economics},
   volume = {1},
   number = {1},
   pages = {III-VI},
   ISSN = {1945-7782},
   DOI = {10.1257/app.1.1.iii},
   url = {<Go to ISI>://WOS:000284504500001
https://pubs.aeaweb.org/doi/pdfplus/10.1257/app.1.1.iii},
   note={internal-pdf://1208144026/Duflo-2009-Untitled.pdf},
   year = {2009},
   type = {Journal Article}
}

@article{RN230,
   author = {Dunn, A.},
   title = {Drug Innovations and Welfare Measures Computed from Market Demand: The Case of Anti-Cholesterol Drugs},
   journal = {American Economic Journal-Applied Economics},
   volume = {4},
   number = {3},
   pages = {167-189},
   ISSN = {1945-7782},
   DOI = {10.1257/app.4.3.167},
   url = {<Go to ISI>://WOS:000306108700008
https://pubs.aeaweb.org/doi/pdfplus/10.1257/app.4.3.167},
   note={internal-pdf://0147251493/Dunn-2012-Drug Innovations and Welfare Measure.pdf},
   year = {2012},
   type = {Journal Article}
}

@article{RN282,
   author = {Dupas, P.},
   title = {Do Teenagers Respond to HIV Risk Information? Evidence from a Field Experiment in Kenya},
   journal = {American Economic Journal-Applied Economics},
   volume = {3},
   number = {1},
   pages = {1-34},
   ISSN = {1945-7782},
   DOI = {10.1257/app.3.1.1},
   url = {<Go to ISI>://WOS:000287105100001
https://pubs.aeaweb.org/doi/pdfplus/10.1257/app.3.1.1},
   note={internal-pdf://2637230433/Dupas-2011-Do Teenagers Respond to HIV Risk In.pdf},
   year = {2011},
   type = {Journal Article}
}

@article{RN9,
   author = {Dupas, P. and Karlan, D. and Robinson, J. and Ubfal, D.},
   title = {Banking the Unbanked? Evidence from Three Countries},
   journal = {American Economic Journal-Applied Economics},
   volume = {10},
   number = {2},
   pages = {257-297},
   ISSN = {1945-7782},
   DOI = {10.1257/app.20160597},
   url = {<Go to ISI>://WOS:000429600800009
https://pubs.aeaweb.org/doi/pdfplus/10.1257/app.20160597},
   note={internal-pdf://3570729420/Dupas-2018-Banking the Unbanked_ Evidence from.pdf},
   year = {2018},
   type = {Journal Article}
}

@article{RN209,
   author = {Dupas, P. and Robinson, J.},
   title = {Savings Constraints and Microenterprise Development: Evidence from a Field Experiment in Kenya},
   journal = {American Economic Journal-Applied Economics},
   volume = {5},
   number = {1},
   pages = {163-192},
   ISSN = {1945-7782},
   DOI = {10.1257/app.5.1.163},
   url = {<Go to ISI>://WOS:000313044600006
https://pubs.aeaweb.org/doi/pdfplus/10.1257/app.5.1.163},
   note={internal-pdf://1267082546/Dupas-2013-Savings Constraints and Microenterp.pdf},
   year = {2013},
   type = {Journal Article}
}

@article{RN231,
   author = {Dustmann, C. and Schonberg, U.},
   title = {Expansions in Maternity Leave Coverage and Children's Long-Term Outcomes},
   journal = {American Economic Journal-Applied Economics},
   volume = {4},
   number = {3},
   pages = {190-224},
   ISSN = {1945-7782},
   DOI = {10.1257/app.4.3.190},
   url = {<Go to ISI>://WOS:000306108700009
https://pubs.aeaweb.org/doi/pdfplus/10.1257/app.4.3.190},
   note={internal-pdf://2666880142/Dustmann-2012-Expansions in Maternity Leave Co.pdf},
   year = {2012},
   type = {Journal Article}
}

@article{RN234,
   author = {Dustmann, C. and Schonberg, U.},
   title = {What Makes Firm-based Vocational Training Schemes Successful? The Role of Commitment},
   journal = {American Economic Journal-Applied Economics},
   volume = {4},
   number = {2},
   pages = {36-61},
   ISSN = {1945-7782},
   DOI = {10.1257/app.4.2.36},
   url = {<Go to ISI>://WOS:000302788500002
https://pubs.aeaweb.org/doi/pdfplus/10.1257/app.4.2.36},
   note={internal-pdf://2917610753/Dustmann-2012-What Makes Firm-based Vocational.pdf},
   year = {2012},
   type = {Journal Article}
}

@article{RN64,
   author = {Ebenstein, A. and Lavy, V. and Roth, S.},
   title = {The Long-Run Economic Consequences of High-Stakes Examinations: Evidence from Transitory Variation in Pollution},
   journal = {American Economic Journal-Applied Economics},
   volume = {8},
   number = {4},
   pages = {36-65},
   ISSN = {1945-7782},
   DOI = {10.1257/app.20150213},
   url = {<Go to ISI>://WOS:000390110500002
https://pubs.aeaweb.org/doi/pdfplus/10.1257/app.20150213},
   note={internal-pdf://1808101039/Ebenstein-2016-The Long-Run Economic Consequen.pdf},
   year = {2016},
   type = {Journal Article}
}

@article{RN43,
   author = {Edelman, B. and Luca, M. and Svirsky, D.},
   title = {Racial Discrimination in the Sharing Economy: Evidence from a Field Experiment},
   journal = {American Economic Journal-Applied Economics},
   volume = {9},
   number = {2},
   pages = {1-22},
   ISSN = {1945-7782},
   DOI = {10.1257/app.20160213},
   url = {<Go to ISI>://WOS:000398733400001
https://pubs.aeaweb.org/doi/pdfplus/10.1257/app.20160213},
   note={internal-pdf://3423178567/Edelman-2017-Racial Discrimination in the Shar.pdf},
   year = {2017},
   type = {Journal Article}
}

@article{RN291,
   author = {Edmonds, E. V. and Pavcnik, N. and Topalova, P.},
   title = {Trade Adjustment and Human Capital Investments: Evidence from Indian Tariff Reform},
   journal = {American Economic Journal-Applied Economics},
   volume = {2},
   number = {4},
   pages = {42-75},
   ISSN = {1945-7782},
   DOI = {10.1257/app.2.4.42},
   url = {<Go to ISI>://WOS:000284559000002
https://pubs.aeaweb.org/doi/pdfplus/10.1257/app.2.4.42},
   note={internal-pdf://2746122182/Edmonds-2010-Trade Adjustment and Human Capita.pdf},
   year = {2010},
   type = {Journal Article}
}

@article{RN297,
   author = {Egger, P. and Koethenbuerger, M.},
   title = {Government Spending and Legislative Organization: Quasi-Experimental Evidence from Germany},
   journal = {American Economic Journal-Applied Economics},
   volume = {2},
   number = {4},
   pages = {200-212},
   ISSN = {1945-7782},
   DOI = {10.1257/app.2.4.200},
   url = {<Go to ISI>://WOS:000284559000008
https://pubs.aeaweb.org/doi/pdfplus/10.1257/app.2.4.200},
   note={internal-pdf://3420500153/Egger-2010-Government Spending and Legislative.pdf},
   year = {2010},
   type = {Journal Article}
}

@article{RN88,
   author = {Einav, L. and Finkelstein, A. and Kluender, R. and Schrimpf, P.},
   title = {Beyond Statistics: The Economic Content of Risk Scores},
   journal = {American Economic Journal-Applied Economics},
   volume = {8},
   number = {2},
   pages = {195-224},
   ISSN = {1945-7782},
   DOI = {10.1257/app.20150131},
   url = {<Go to ISI>://WOS:000373135500007
https://www.ncbi.nlm.nih.gov/pmc/articles/PMC4945120/pdf/nihms749139.pdf},
   note={internal-pdf://4119360850/Einav-2016-Beyond Statistics_ The Economic Con.pdf},
   year = {2016},
   type = {Journal Article}
}

@article{RN112,
   author = {Eizenberg, A. and Salvo, A.},
   title = {The Rise of Fringe Competitors in the Wake of an Emerging Middle Class: An Empirical Analysis},
   journal = {American Economic Journal-Applied Economics},
   volume = {7},
   number = {3},
   pages = {85-122},
   ISSN = {1945-7782},
   DOI = {10.1257/app.20130104},
   url = {<Go to ISI>://WOS:000356954300004
https://pubs.aeaweb.org/doi/pdfplus/10.1257/app.20130104},
   note={internal-pdf://1412866189/Eizenberg-2015-The Rise of Fringe Competitors.pdf},
   year = {2015},
   type = {Journal Article}
}

@article{RN188,
   author = {Ellison, G.},
   title = {How Does the Market Use Citation Data? The Hirsch Index in Economics},
   journal = {American Economic Journal-Applied Economics},
   volume = {5},
   number = {3},
   pages = {63-90},
   ISSN = {1945-7782},
   DOI = {10.1257/app.5.3.63},
   url = {<Go to ISI>://WOS:000321251600004
https://pubs.aeaweb.org/doi/pdfplus/10.1257/app.5.3.63},
   note={internal-pdf://1333904027/Ellison-2013-How Does the Market Use Citation.pdf},
   year = {2013},
   type = {Journal Article}
}

@article{RN15,
   author = {Enikolopov, R. and Petrova, M. and Sonin, K.},
   title = {Social Media and Corruption},
   journal = {American Economic Journal-Applied Economics},
   volume = {10},
   number = {1},
   pages = {150-174},
   ISSN = {1945-7782},
   DOI = {10.1257/app.20160089},
   url = {<Go to ISI>://WOS:000419143400005
https://pubs.aeaweb.org/doi/pdfplus/10.1257/app.20160089},
   note={internal-pdf://1193858814/Enikolopov-2018-Social Media and Corruption.pdf},
   year = {2018},
   type = {Journal Article}
}

@article{RN13,
   author = {Erten, B. and Keskin, P.},
   title = {For Better or for Worse?: Education and the Prevalence of Domestic Violence in Turkey},
   journal = {American Economic Journal-Applied Economics},
   volume = {10},
   number = {1},
   pages = {64-105},
   ISSN = {1945-7782},
   DOI = {10.1257/app.20160278},
   url = {<Go to ISI>://WOS:000419143400003
https://pubs.aeaweb.org/doi/pdfplus/10.1257/app.20160278},
   note={internal-pdf://0971057117/Erten-2018-For Better or for Worse__ Education.pdf},
   year = {2018},
   type = {Journal Article}
}

@article{RN118,
   author = {Fack, G. and Grenet, J.},
   title = {Improving College Access and Success for Low-Income Students: Evidence from a Large Need-Based Grant Program},
   journal = {American Economic Journal-Applied Economics},
   volume = {7},
   number = {2},
   pages = {1-34},
   ISSN = {1945-7782},
   DOI = {10.1257/app.20130423},
   url = {<Go to ISI>://WOS:000351932800001
https://pubs.aeaweb.org/doi/pdfplus/10.1257/app.20130423},
   note={internal-pdf://1417341090/Fack-2015-Improving College Access and Success.pdf},
   year = {2015},
   type = {Journal Article}
}

@article{RN78,
   author = {Fadlon, I. and Laird, J. and Nielsen, T. H.},
   title = {Do Employer Pension Contributions Reflect Employee Preferences? Evidence from a Retirement Savings Reform in Denmark},
   journal = {American Economic Journal-Applied Economics},
   volume = {8},
   number = {3},
   pages = {196-216},
   ISSN = {1945-7782},
   DOI = {10.1257/app.20150015},
   url = {<Go to ISI>://WOS:000378819200007
https://pubs.aeaweb.org/doi/pdfplus/10.1257/app.20150015},
   note={internal-pdf://2230777969/Fadlon-2016-Do Employer Pension Contributions.pdf},
   year = {2016},
   type = {Journal Article}
}

@article{RN194,
   author = {Fairlie, R. W. and Robinson, J.},
   title = {Experimental Evidence on the Effects of Home Computers on Academic Achievement among Schoolchildren},
   journal = {American Economic Journal-Applied Economics},
   volume = {5},
   number = {3},
   pages = {211-240},
   ISSN = {1945-7782},
   DOI = {10.1257/app.5.3.211},
   url = {<Go to ISI>://WOS:000321251600010
https://pubs.aeaweb.org/doi/pdfplus/10.1257/app.5.3.211},
   note={internal-pdf://3380480313/Fairlie-2013-Experimental Evidence on the Effe.pdf},
   year = {2013},
   type = {Journal Article}
}

@article{RN354,
   author = {Field, E.},
   title = {Educational Debt Burden and Career Choice: Evidence from a Financial Aid Experiment at NYU Law School},
   journal = {American Economic Journal-Applied Economics},
   volume = {1},
   number = {1},
   pages = {1-21},
   ISSN = {1945-7782},
   DOI = {10.1257/app.1.1.1},
   url = {<Go to ISI>://WOS:000284504500002
https://pubs.aeaweb.org/doi/pdfplus/10.1257/app.1.1.1},
   note={internal-pdf://2853377890/Field-2009-Educational Debt Burden and Career.pdf},
   year = {2009},
   type = {Journal Article}
}

@article{RN335,
   author = {Field, E. and Robles, O. and Torero, M.},
   title = {Iodine Deficiency and Schooling Attainment in Tanzania},
   journal = {American Economic Journal-Applied Economics},
   volume = {1},
   number = {4},
   pages = {140-169},
   ISSN = {1945-7782},
   DOI = {10.1257/app.1.4.140},
   url = {<Go to ISI>://WOS:000284558500006
https://pubs.aeaweb.org/doi/pdfplus/10.1257/app.1.4.140},
   note={internal-pdf://1165703084/Field-2009-Iodine Deficiency and Schooling Att.pdf},
   year = {2009},
   type = {Journal Article}
}

@article{RN170,
   author = {Figlio, D. and Hart, C. M. D.},
   title = {Competitive Effects of Means-Tested School Vouchers},
   journal = {American Economic Journal-Applied Economics},
   volume = {6},
   number = {1},
   pages = {133-156},
   ISSN = {1945-7782},
   DOI = {10.1257/app.6.1.133},
   url = {<Go to ISI>://WOS:000329292900006
https://pubs.aeaweb.org/doi/pdfplus/10.1257/app.6.1.133},
   note={internal-pdf://1631422400/Figlio-2014-Competitive Effects of Means-Teste.pdf},
   year = {2014},
   type = {Journal Article}
}

@article{RN50,
   author = {Fisman, R. and Wang, Y. X.},
   title = {The Distortionary Effects of Incentives in Government: Evidence from China's "Death Ceiling" Program},
   journal = {American Economic Journal-Applied Economics},
   volume = {9},
   number = {2},
   pages = {202-218},
   ISSN = {1945-7782},
   DOI = {10.1257/app.20160008},
   url = {<Go to ISI>://WOS:000398733400008
https://pubs.aeaweb.org/doi/pdfplus/10.1257/app.20160008},
   note={internal-pdf://3496429404/Fisman-2017-The Distortionary Effects of Incen.pdf},
   year = {2017},
   type = {Journal Article}
}

@article{RN341,
   author = {Fisman, R. and Wei, S. J.},
   title = {The Smuggling of Art, and the Art of Smuggling: Uncovering the Illicit Trade in Cultural Property and Antiques},
   journal = {American Economic Journal-Applied Economics},
   volume = {1},
   number = {3},
   pages = {82-96},
   ISSN = {1945-7782},
   DOI = {10.1257/app.1.3.82},
   url = {<Go to ISI>://WOS:000284558300004
https://pubs.aeaweb.org/doi/pdfplus/10.1257/app.1.3.82},
   note={internal-pdf://3286062469/Fisman-2009-The Smuggling of Art, and the Art.pdf},
   year = {2009},
   type = {Journal Article}
}

@article{RN82,
   author = {Foged, M. and Peri, G.},
   title = {Immigrants' Effect on Native Workers: New Analysis on Longitudinal Data},
   journal = {American Economic Journal-Applied Economics},
   volume = {8},
   number = {2},
   pages = {1-34},
   ISSN = {1945-7782},
   DOI = {10.1257/app.20150114},
   url = {<Go to ISI>://WOS:000373135500001
https://pubs.aeaweb.org/doi/pdfplus/10.1257/app.20150114},
   note={internal-pdf://3788269634/Foged-2016-Immigrants' Effect on Native Worker.pdf},
   year = {2016},
   type = {Journal Article}
}

@article{RN349,
   author = {Fong, C. M. and Luttmer, E. F. P.},
   title = {What Determines Giving to Hurricane Katrina Victims? Experimental Evidence on Racial Group Loyalty},
   journal = {American Economic Journal-Applied Economics},
   volume = {1},
   number = {2},
   pages = {64-87},
   ISSN = {1945-7782},
   DOI = {10.1257/app.1.2.64},
   url = {<Go to ISI>://WOS:000284558200004
https://pubs.aeaweb.org/doi/pdfplus/10.1257/app.1.2.64},
   note={internal-pdf://4196300973/Fong-2009-What Determines Giving to Hurricane.pdf},
   year = {2009},
   type = {Journal Article}
}

@article{RN345,
   author = {Fortson, J. G.},
   title = {HIV/AIDS and Fertility},
   journal = {American Economic Journal-Applied Economics},
   volume = {1},
   number = {3},
   pages = {170-194},
   ISSN = {1945-7782},
   DOI = {10.1257/app.1.3.170},
   url = {<Go to ISI>://WOS:000284558300008
https://pubs.aeaweb.org/doi/pdfplus/10.1257/app.1.3.170},
   note={internal-pdf://2341459377/Fortson-2009-HIV_AIDS and Fertility.pdf},
   year = {2009},
   type = {Journal Article}
}

@article{RN326,
   author = {Freeman, R. B. and Gelber, A. M.},
   title = {Prize Structure and Information in Tournaments: Experimental Evidence},
   journal = {American Economic Journal-Applied Economics},
   volume = {2},
   number = {1},
   pages = {149-164},
   ISSN = {1945-7782},
   DOI = {10.1257/app.2.1.149},
   url = {<Go to ISI>://WOS:000284558700006
https://pubs.aeaweb.org/doi/pdfplus/10.1257/app.2.1.149},
   note={internal-pdf://2698417688/Freeman-2010-Prize Structure and Information i.pdf},
   year = {2010},
   type = {Journal Article}
}

@article{RN192,
   author = {Fremeth, A. and Richter, B. K. and Schaufele, B.},
   title = {Campaign Contributions over CEOs' Careers},
   journal = {American Economic Journal-Applied Economics},
   volume = {5},
   number = {3},
   pages = {170-188},
   ISSN = {1945-7782},
   DOI = {10.1257/app.5.3.170},
   url = {<Go to ISI>://WOS:000321251600008
https://pubs.aeaweb.org/doi/pdfplus/10.1257/app.5.3.170},
   note={internal-pdf://1776133591/Fremeth-2013-Campaign Contributions over CEOs'.pdf},
   year = {2013},
   type = {Journal Article}
}

@article{RN250,
   author = {Friberg, R. and Gronqvist, E.},
   title = {Do Expert Reviews Affect the Demand for Wine?},
   journal = {American Economic Journal-Applied Economics},
   volume = {4},
   number = {1},
   pages = {193-211},
   ISSN = {1945-7782},
   DOI = {10.1257/app.4.1.193},
   url = {<Go to ISI>://WOS:000299169300008
https://pubs.aeaweb.org/doi/pdfplus/10.1257/app.4.1.193},
   note={internal-pdf://3503404485/Friberg-2012-Do Expert Reviews Affect the Dema.pdf},
   year = {2012},
   type = {Journal Article}
}

@article{RN342,
   author = {Frijters, P. and Johnston, D. W. and Shah, M. and Shields, M. A.},
   title = {To Work or Not to Work? Child Development and Maternal Labor Supply},
   journal = {American Economic Journal-Applied Economics},
   volume = {1},
   number = {3},
   pages = {97-110},
   ISSN = {1945-7782},
   DOI = {10.1257/app.1.3.97},
   url = {<Go to ISI>://WOS:000284558300005
https://pubs.aeaweb.org/doi/pdfplus/10.1257/app.1.3.97},
   note={internal-pdf://3091317977/Frijters-2009-To Work or Not to Work_ Child De.pdf},
   year = {2009},
   type = {Journal Article}
}

@article{RN325,
   author = {Fryer, R. G. and Greenstone, M.},
   title = {The Changing Consequences of Attending Historically Black Colleges and Universities},
   journal = {American Economic Journal-Applied Economics},
   volume = {2},
   number = {1},
   pages = {116-148},
   ISSN = {1945-7782},
   DOI = {10.1257/app.2.1.116},
   url = {<Go to ISI>://WOS:000284558700005
https://pubs.aeaweb.org/doi/pdfplus/10.1257/app.2.1.116},
   note={internal-pdf://3459399856/Fryer-2010-The Changing Consequences of Attend.pdf},
   year = {2010},
   type = {Journal Article}
}

@article{RN319,
   author = {Fryer, R. G. and Levitt, S. D.},
   title = {An Empirical Analysis of the Gender Gap in Mathematics},
   journal = {American Economic Journal-Applied Economics},
   volume = {2},
   number = {2},
   pages = {210-240},
   ISSN = {1945-7782},
   DOI = {10.1257/app.2.2.210},
   url = {<Go to ISI>://WOS:000284558800009
https://pubs.aeaweb.org/doi/pdfplus/10.1257/app.2.2.210},
   note={internal-pdf://0804578954/Fryer-2010-An Empirical Analysis of the Gender.pdf},
   year = {2010},
   type = {Journal Article}
}

@article{RN68,
   author = {Fujiwara, T. and Meng, K. and Vogl, T.},
   title = {Habit Formation in Voting: Evidence from Rainy Elections},
   journal = {American Economic Journal-Applied Economics},
   volume = {8},
   number = {4},
   pages = {160-188},
   ISSN = {1945-7782},
   DOI = {10.1257/app.20140533},
   url = {<Go to ISI>://WOS:000390110500006
https://pubs.aeaweb.org/doi/pdfplus/10.1257/app.20140533},
   note={internal-pdf://0902101084/Fujiwara-2016-Habit Formation in Voting_ Evide.pdf},
   year = {2016},
   type = {Journal Article}
}

@article{RN183,
   author = {Fujiwara, T. and Wantchekon, L.},
   title = {Can Informed Public Deliberation Overcome Clientelism? Experimental Evidence from Benin},
   journal = {American Economic Journal-Applied Economics},
   volume = {5},
   number = {4},
   pages = {241-255},
   ISSN = {1945-7782},
   DOI = {10.1257/app.5.4.241},
   url = {<Go to ISI>://WOS:000325754600009
https://pubs.aeaweb.org/doi/pdfplus/10.1257/app.5.4.241},
   note={internal-pdf://1408437330/Fujiwara-2013-Can Informed Public Deliberation.pdf},
   year = {2013},
   type = {Journal Article}
}

@article{RN62,
   author = {Gadenne, L.},
   title = {Tax Me, but Spend Wisely? Sources of Public Finance and Government Accountability},
   journal = {American Economic Journal-Applied Economics},
   volume = {9},
   number = {1},
   pages = {274-314},
   ISSN = {1945-7782},
   DOI = {10.1257/app.20150509},
   url = {<Go to ISI>://WOS:000397242100010
https://pubs.aeaweb.org/doi/pdfplus/10.1257/app.20150509},
   note={internal-pdf://0349777551/Gadenne-2017-Tax Me, but Spend Wisely_ Sources.pdf},
   year = {2017},
   type = {Journal Article}
}

@article{RN40,
   author = {Gaggl, P. and Wright, G. C.},
   title = {A Short-Run View of What Computers Do: Evidence from a UK Tax Incentive},
   journal = {American Economic Journal-Applied Economics},
   volume = {9},
   number = {3},
   pages = {262-294},
   ISSN = {1945-7782},
   DOI = {10.1257/app.20150411},
   url = {<Go to ISI>://WOS:000404525400009
https://pubs.aeaweb.org/doi/pdfplus/10.1257/app.20150411},
   note={internal-pdf://3580449113/Gaggl-2017-A Short-Run View of What Computers.pdf},
   year = {2017},
   type = {Journal Article}
}

@article{RN276,
   author = {Galiani, S. and Rossi, M. A. and Schargrodsky, E.},
   title = {Conscription and Crime: Evidence from the Argentine Draft Lottery},
   journal = {American Economic Journal-Applied Economics},
   volume = {3},
   number = {2},
   pages = {119-136},
   ISSN = {1945-7782},
   DOI = {10.1257/app.3.2.119},
   url = {<Go to ISI>://WOS:000289078200005
https://pubs.aeaweb.org/doi/pdfplus/10.1257/app.3.2.119},
   note={internal-pdf://3994444088/Galiani-2011-Conscription and Crime_ Evidence.pdf},
   year = {2011},
   type = {Journal Article}
}

@article{RN153,
   author = {Gallagher, J.},
   title = {Learning about an Infrequent Event: Evidence from Flood Insurance Take-Up in the United States},
   journal = {American Economic Journal-Applied Economics},
   volume = {6},
   number = {3},
   pages = {206-233},
   ISSN = {1945-7782},
   DOI = {10.1257/app.6.3.206},
   url = {<Go to ISI>://WOS:000338844200008
https://pubs.aeaweb.org/doi/pdfplus/10.1257/app.6.3.206},
   note={internal-pdf://2641405723/Gallagher-2014-Learning about an Infrequent Ev.pdf},
   year = {2014},
   type = {Journal Article}
}

@article{RN49,
   author = {Ganguli, I.},
   title = {Saving Soviet Science: The Impact of Grants When Government R& D Funding Disappears},
   journal = {American Economic Journal-Applied Economics},
   volume = {9},
   number = {2},
   pages = {165-201},
   ISSN = {1945-7782},
   DOI = {10.1257/app.20160180},
   url = {<Go to ISI>://WOS:000398733400007
https://pubs.aeaweb.org/doi/pdfplus/10.1257/app.20160180},
   note={internal-pdf://0113603135/Ganguli-2017-Saving Soviet Science_ The Impact.pdf},
   year = {2017},
   type = {Journal Article}
}

@article{RN11,
   author = {Garthwaite, C. and Gross, T. and Notowidigdo, M. J.},
   title = {Hospitals as Insurers of Last Resort},
   journal = {American Economic Journal-Applied Economics},
   volume = {10},
   number = {1},
   pages = {1-39},
   ISSN = {1945-7782},
   DOI = {10.1257/app.20150581},
   url = {<Go to ISI>://WOS:000419143400001
https://pubs.aeaweb.org/doi/pdfplus/10.1257/app.20150581},
   note={internal-pdf://0620331659/Garthwaite-2018-Hospitals as Insurers of Last.pdf},
   year = {2018},
   type = {Journal Article}
}

@article{RN228,
   author = {Garthwaite, C. L.},
   title = {The Economic Benefits of Pharmaceutical Innovations: The Case of Cox-2 Inhibitors},
   journal = {American Economic Journal-Applied Economics},
   volume = {4},
   number = {3},
   pages = {116-137},
   ISSN = {1945-7782},
   DOI = {10.1257/app.4.3.116},
   url = {<Go to ISI>://WOS:000306108700006
https://pubs.aeaweb.org/doi/pdfplus/10.1257/app.4.3.116},
   note={internal-pdf://2276046757/Garthwaite-2012-The Economic Benefits of Pharm.pdf},
   year = {2012},
   type = {Journal Article}
}

@article{RN158,
   author = {Garthwaite, C. L.},
   title = {Demand Spillovers, Combative Advertising, and Celebrity Endorsements},
   journal = {American Economic Journal-Applied Economics},
   volume = {6},
   number = {2},
   pages = {76-104},
   ISSN = {1945-7782},
   DOI = {10.1257/app.6.2.76},
   url = {<Go to ISI>://WOS:000333980000004
https://pubs.aeaweb.org/doi/pdfplus/10.1257/app.6.2.76},
   note={internal-pdf://3540543091/Garthwaite-2014-Demand Spillovers, Combative A.pdf},
   year = {2014},
   type = {Journal Article}
}

@article{RN347,
   author = {Gerber, A. S. and Karlan, D. and Bergan, D.},
   title = {Does the Media Matter? A Field Experiment Measuring the Effect of Newspapers on Voting Behavior and Political Opinions},
   journal = {American Economic Journal-Applied Economics},
   volume = {1},
   number = {2},
   pages = {35-52},
   ISSN = {1945-7782},
   DOI = {10.1257/app.1.2.35},
   url = {<Go to ISI>://WOS:000284558200002
https://pubs.aeaweb.org/doi/pdfplus/10.1257/app.1.2.35},
   note={internal-pdf://1873069502/Gerber-2009-Does the Media Matter_ A Field Exp.pdf},
   year = {2009},
   type = {Journal Article}
}

@article{RN249,
   author = {Gertler, P. J. and Martinez, S. W. and Rubio-Codina, M.},
   title = {Investing Cash Transfers to Raise Long-Term Living Standards},
   journal = {American Economic Journal-Applied Economics},
   volume = {4},
   number = {1},
   pages = {164-192},
   ISSN = {1945-7782},
   DOI = {10.1257/app.4.1.164},
   url = {<Go to ISI>://WOS:000299169300007
https://pubs.aeaweb.org/doi/pdfplus/10.1257/app.4.1.164},
   note={internal-pdf://1340725606/Gertler-2012-Investing Cash Transfers to Raise.pdf},
   year = {2012},
   type = {Journal Article}
}

@article{RN5,
   author = {Geruso, M. and Spears, D.},
   title = {Neighborhood Sanitation and Infant Mortality},
   journal = {American Economic Journal-Applied Economics},
   volume = {10},
   number = {2},
   pages = {125-162},
   ISSN = {1945-7782},
   DOI = {10.1257/app.20150431},
   url = {<Go to ISI>://WOS:000429600800005
https://pubs.aeaweb.org/doi/pdfplus/10.1257/app.20150431},
   note={internal-pdf://3133925825/Geruso-2018-Neighborhood Sanitation and Infant.pdf},
   year = {2018},
   type = {Journal Article}
}

@article{RN69,
   author = {Gilchrist, D. S.},
   title = {Patents as a Spur to Subsequent Innovation? Evidence from Pharmaceuticals},
   journal = {American Economic Journal-Applied Economics},
   volume = {8},
   number = {4},
   pages = {189-221},
   ISSN = {1945-7782},
   DOI = {10.1257/app.20150373},
   url = {<Go to ISI>://WOS:000390110500007
https://pubs.aeaweb.org/doi/pdfplus/10.1257/app.20150373},
   note={internal-pdf://1525611318/Gilchrist-2016-Patents as a Spur to Subsequent.pdf},
   year = {2016},
   type = {Journal Article}
}

@article{RN303,
   author = {Gine, X. and Jakiela, P. and Karlan, D. and Morduch, J.},
   title = {Microfinance Games},
   journal = {American Economic Journal-Applied Economics},
   volume = {2},
   number = {3},
   pages = {60-95},
   ISSN = {1945-7782},
   DOI = {10.1257/app.2.3.60},
   url = {<Go to ISI>://WOS:000284558900004
https://pubs.aeaweb.org/doi/pdfplus/10.1257/app.2.3.60},
   note={internal-pdf://2617707550/Gine-2010-Microfinance Games.pdf},
   year = {2010},
   type = {Journal Article}
}

@article{RN298,
   author = {Gine, X. and Karlan, D. and Zinman, J.},
   title = {Put Your Money Where Your Butt Is: A Commitment Contract for Smoking Cessation},
   journal = {American Economic Journal-Applied Economics},
   volume = {2},
   number = {4},
   pages = {213-235},
   ISSN = {1945-7782},
   DOI = {10.1257/app.2.4.213},
   url = {<Go to ISI>://WOS:000284559000009
https://pubs.aeaweb.org/doi/pdfplus/10.1257/app.2.4.213},
   note={internal-pdf://2867010822/Gine-2010-Put Your Money Where Your Butt Is_ A.pdf},
   year = {2010},
   type = {Journal Article}
}

@article{RN17,
   author = {Gine, X. and Mansuri, G.},
   title = {Together We Will: Experimental Evidence on Female Voting Behavior in Pakistan},
   journal = {American Economic Journal-Applied Economics},
   volume = {10},
   number = {1},
   pages = {207-235},
   ISSN = {1945-7782},
   DOI = {10.1257/app.20130480},
   url = {<Go to ISI>://WOS:000419143400007
https://pubs.aeaweb.org/doi/pdfplus/10.1257/app.20130480},
   note={internal-pdf://2594909241/Gine-2018-Together We Will_ Experimental Evide.pdf},
   year = {2018},
   type = {Journal Article}
}

@article{RN308,
   author = {Glewwe, P. and Ilias, N. and Kremer, M.},
   title = {Teacher Incentives},
   journal = {American Economic Journal-Applied Economics},
   volume = {2},
   number = {3},
   pages = {205-227},
   ISSN = {1945-7782},
   DOI = {10.1257/app.2.3.205},
   url = {<Go to ISI>://WOS:000284558900009
https://pubs.aeaweb.org/doi/pdfplus/10.1257/app.2.3.205},
   note={internal-pdf://3831905381/Glewwe-2010-Teacher Incentives.pdf},
   year = {2010},
   type = {Journal Article}
}

@article{RN359,
   author = {Glewwe, P. and Kremer, M. and Moulin, S.},
   title = {Many Children Left Behind? Textbooks and Test Scores in Kenya},
   journal = {American Economic Journal-Applied Economics},
   volume = {1},
   number = {1},
   pages = {112-135},
   ISSN = {1945-7782},
   DOI = {10.1257/app.1.1.112},
   url = {<Go to ISI>://WOS:000284504500006
https://pubs.aeaweb.org/doi/pdfplus/10.1257/app.1.1.112},
   note={internal-pdf://0448744094/Glewwe-2009-Many Children Left Behind_ Textboo.pdf},
   year = {2009},
   type = {Journal Article}
}

@article{RN94,
   author = {Goldberg, J.},
   title = {Kwacha Gonna Do? Experimental Evidence about Labor Supply in Rural Malawi},
   journal = {American Economic Journal-Applied Economics},
   volume = {8},
   number = {1},
   pages = {129-149},
   ISSN = {1945-7782},
   DOI = {10.1257/app.20130369},
   url = {<Go to ISI>://WOS:000366944500005
https://pubs.aeaweb.org/doi/pdfplus/10.1257/app.20130369},
   note={internal-pdf://3917510257/Goldberg-2016-Kwacha Gonna Do_ Experimental Ev.pdf},
   year = {2016},
   type = {Journal Article}
}

@article{RN197,
   author = {Goldstein, M. and Zivin, J. G. and Habyarimana, J. and Pop-Eleches, C. and Thirumurthy, H.},
   title = {The Effect of Absenteeism and Clinic Protocol on Health Outcomes: The Case of Mother-to-Child Transmission of HIV in Kenya},
   journal = {American Economic Journal-Applied Economics},
   volume = {5},
   number = {2},
   pages = {58-85},
   ISSN = {1945-7782},
   DOI = {10.1257/app.5.2.58},
   url = {<Go to ISI>://WOS:000316732800003
https://www.ncbi.nlm.nih.gov/pmc/articles/PMC3806719/pdf/nihms397420.pdf},
   note={internal-pdf://4225667275/Goldstein-2013-The Effect of Absenteeism and C.pdf},
   year = {2013},
   type = {Journal Article}
}

@article{RN178,
   author = {Gonzalez-Navarro, M.},
   title = {Deterrence and Geographical Externalities in Auto Theft},
   journal = {American Economic Journal-Applied Economics},
   volume = {5},
   number = {4},
   pages = {92-110},
   ISSN = {1945-7782},
   DOI = {10.1257/app.5.4.92},
   url = {<Go to ISI>://WOS:000325754600004
https://pubs.aeaweb.org/doi/pdfplus/10.1257/app.5.4.92},
   note={internal-pdf://2830808523/Gonzalez-Navarr-2013-Deterrence and Geographic.pdf},
   year = {2013},
   type = {Journal Article}
}

@article{RN301,
   author = {Goyal, A.},
   title = {Information, Direct Access to Farmers, and Rural Market Performance in Central India},
   journal = {American Economic Journal-Applied Economics},
   volume = {2},
   number = {3},
   pages = {22-45},
   ISSN = {1945-7782},
   DOI = {10.1257/app.2.3.22},
   url = {<Go to ISI>://WOS:000284558900002
https://pubs.aeaweb.org/doi/pdfplus/10.1257/app.2.3.22},
   note={internal-pdf://3838936640/Goyal-2010-Information, Direct Access to Farme.pdf},
   year = {2010},
   type = {Journal Article}
}

@article{RN72,
   author = {Grembi, V. and Nannicini, T. and Troiano, U.},
   title = {Do Fiscal Rules Matter?},
   journal = {American Economic Journal-Applied Economics},
   volume = {8},
   number = {3},
   pages = {1-30},
   ISSN = {1945-7782},
   DOI = {10.1257/app.20150076},
   url = {<Go to ISI>://WOS:000378819200001
https://pubs.aeaweb.org/doi/pdfplus/10.1257/app.20150076},
   note={internal-pdf://3051200732/Grembi-2016-Do Fiscal Rules Matter_.pdf},
   year = {2016},
   type = {Journal Article}
}

@article{RN86,
   author = {Groger, A. and Zylberberg, Y.},
   title = {Internal Labor Migration as a Shock Coping Strategy: Evidence from a Typhoon},
   journal = {American Economic Journal-Applied Economics},
   volume = {8},
   number = {2},
   pages = {123-153},
   ISSN = {1945-7782},
   DOI = {10.1257/app.20140362},
   url = {<Go to ISI>://WOS:000373135500005
https://pubs.aeaweb.org/doi/pdfplus/10.1257/app.20140362},
   note={internal-pdf://2499528231/Groger-2016-Internal Labor Migration as a Shoc.pdf},
   year = {2016},
   type = {Journal Article}
}

@article{RN168,
   author = {Gruber, J. and Hendren, N. and Townsend, R. M.},
   title = {The Great Equalizer: Health Care Access and Infant Mortality in Thailand},
   journal = {American Economic Journal-Applied Economics},
   volume = {6},
   number = {1},
   pages = {91-107},
   ISSN = {1945-7782},
   DOI = {10.1257/app.6.1.91},
   url = {<Go to ISI>://WOS:000329292900004
https://www.ncbi.nlm.nih.gov/pmc/articles/PMC3998713/pdf/nihms466032.pdf},
   note={internal-pdf://1887228020/Gruber-2014-The Great Equalizer_ Health Care A.pdf},
   year = {2014},
   type = {Journal Article}
}

@article{RN293,
   author = {Guadalupe, M. and Wulf, J.},
   title = {The Flattening Firm and Product Market Competition: The Effect of Trade Liberalization on Corporate Hierarchies},
   journal = {American Economic Journal-Applied Economics},
   volume = {2},
   number = {4},
   pages = {105-127},
   ISSN = {1945-7782},
   DOI = {10.1257/app.2.4.105},
   url = {<Go to ISI>://WOS:000284559000004
https://pubs.aeaweb.org/doi/pdfplus/10.1257/app.2.4.105},
   note={internal-pdf://2075389614/Guadalupe-2010-The Flattening Firm and Product.pdf},
   year = {2010},
   type = {Journal Article}
}

@article{RN331,
   author = {Guryan, J. and Kroft, K. and Notowidigdo, M. J.},
   title = {Peer Effects in the Workplace: Evidence from Random Groupings in Professional Golf Tournaments},
   journal = {American Economic Journal-Applied Economics},
   volume = {1},
   number = {4},
   pages = {34-68},
   ISSN = {1945-7782},
   DOI = {10.1257/app.1.4.34},
   url = {<Go to ISI>://WOS:000284558500002
https://www.ncbi.nlm.nih.gov/pmc/articles/PMC2865688/pdf/nihms180469.pdf},
   note={internal-pdf://3492474507/Guryan-2009-Peer Effects in the Workplace_ Evi.pdf},
   year = {2009},
   type = {Journal Article}
}

@article{RN55,
   author = {Haggag, K. and McManus, B. and Paci, G.},
   title = {Learning by Driving: Productivity Improvements by New York City Taxi Drivers},
   journal = {American Economic Journal-Applied Economics},
   volume = {9},
   number = {1},
   pages = {70-95},
   ISSN = {1945-7782},
   DOI = {10.1257/app.20150059},
   url = {<Go to ISI>://WOS:000397242100003
https://pubs.aeaweb.org/doi/pdfplus/10.1257/app.20150059},
   note={internal-pdf://1412619827/Haggag-2017-Learning by Driving_ Productivity.pdf},
   year = {2017},
   type = {Journal Article}
}

@article{RN146,
   author = {Haggag, K. and Paci, G.},
   title = {Default Tips},
   journal = {American Economic Journal-Applied Economics},
   volume = {6},
   number = {3},
   pages = {1-19},
   ISSN = {1945-7782},
   DOI = {10.1257/app.6.3.1},
   url = {<Go to ISI>://WOS:000338844200001
https://pubs.aeaweb.org/doi/pdfplus/10.1257/app.6.3.1},
   note={internal-pdf://1150943314/Haggag-2014-Default Tips.pdf},
   year = {2014},
   type = {Journal Article}
}

@article{RN10,
   author = {Hanaoka, C. and Shigeoka, H. and Watanabe, Y.},
   title = {Do Risk Preferences Change? Evidence from the Great East Japan Earthquake},
   journal = {American Economic Journal-Applied Economics},
   volume = {10},
   number = {2},
   pages = {298-330},
   ISSN = {1945-7782},
   DOI = {10.1257/app.20170048},
   url = {<Go to ISI>://WOS:000429600800010
https://pubs.aeaweb.org/doi/pdfplus/10.1257/app.20170048},
   note={internal-pdf://3356430540/Hanaoka-2018-Do Risk Preferences Change_ Evide.pdf},
   year = {2018},
   type = {Journal Article}
}

@article{RN306,
   author = {Hanna, R.},
   title = {US Environmental Regulation and FDI: Evidence from a Panel of US-Based Multinational Firms},
   journal = {American Economic Journal-Applied Economics},
   volume = {2},
   number = {3},
   pages = {158-189},
   ISSN = {1945-7782},
   DOI = {10.1257/app.2.3.158},
   url = {<Go to ISI>://WOS:000284558900007
https://pubs.aeaweb.org/doi/pdfplus/10.1257/app.2.3.158},
   note={internal-pdf://0092749803/Hanna-2010-US Environmental Regulation and FDI.pdf},
   year = {2010},
   type = {Journal Article}
}

@article{RN28,
   author = {He, G. J. and Wang, S.},
   title = {Do College Graduates Serving as Village Officials Help Rural China?},
   journal = {American Economic Journal-Applied Economics},
   volume = {9},
   number = {4},
   pages = {186-215},
   ISSN = {1945-7782},
   DOI = {10.1257/app.20160079},
   url = {<Go to ISI>://WOS:000411565400008
https://pubs.aeaweb.org/doi/pdfplus/10.1257/app.20160079},
   note={internal-pdf://1959272244/He-2017-Do College Graduates Serving as Villag.pdf},
   year = {2017},
   type = {Journal Article}
}

@article{RN12,
   author = {Hedegaard, M. S. and Tyran, J. R.},
   title = {The Price of Prejudice},
   journal = {American Economic Journal-Applied Economics},
   volume = {10},
   number = {1},
   pages = {40-63},
   ISSN = {1945-7782},
   DOI = {10.1257/app.20150241},
   url = {<Go to ISI>://WOS:000419143400002
https://pubs.aeaweb.org/doi/pdfplus/10.1257/app.20150241},
   note={internal-pdf://3117428389/Hedegaard-2018-The Price of Prejudice.pdf},
   year = {2018},
   type = {Journal Article}
}

@article{RN336,
   author = {Heffetz, O. and Shayo, M.},
   title = {How Large Are Non-Budget-Constraint Effects of Prices on Demand?},
   journal = {American Economic Journal-Applied Economics},
   volume = {1},
   number = {4},
   pages = {170-199},
   ISSN = {1945-7782},
   DOI = {10.1257/app.1.4.170},
   url = {<Go to ISI>://WOS:000284558500007
https://pubs.aeaweb.org/doi/pdfplus/10.1257/app.1.4.170},
   note={internal-pdf://4092284873/Heffetz-2009-How Large Are Non-Budget-Constrai.pdf},
   year = {2009},
   type = {Journal Article}
}

@article{RN167,
   author = {Hendel, I. and Spiegel, Y.},
   title = {Small Steps for Workers, a Giant Leap for Productivity},
   journal = {American Economic Journal-Applied Economics},
   volume = {6},
   number = {1},
   pages = {73-90},
   ISSN = {1945-7782},
   DOI = {10.1257/app.6.1.73},
   url = {<Go to ISI>://WOS:000329292900003
https://pubs.aeaweb.org/doi/pdfplus/10.1257/app.6.1.73},
   note={internal-pdf://3205848844/Hendel-2014-Small Steps for Workers, a Giant L.pdf},
   year = {2014},
   type = {Journal Article}
}

@article{RN81,
   author = {Hidrobo, M. and Peterman, A. and Heise, L.},
   title = {The Effect of Cash, Vouchers, and Food Transfers on Intimate Partner Violence: Evidence from a Randomized Experiment in Northern Ecuador},
   journal = {American Economic Journal-Applied Economics},
   volume = {8},
   number = {3},
   pages = {284-303},
   ISSN = {1945-7782},
   DOI = {10.1257/app.20150048},
   url = {<Go to ISI>://WOS:000378819200010
https://www.aeaweb.org/articles?id=10.1257/app.20150048
https://pubs.aeaweb.org/doi/pdfplus/10.1257/app.20150048},
   note={internal-pdf://4240406844/Hidrobo-2016-The Effect of Cash, Vouchers, and.pdf},
   year = {2016},
   type = {Journal Article}
}

@article{RN80,
   author = {Hilger, N. G.},
   title = {Parental Job Loss and Children's Long-Term Outcomes: Evidence from 7 Million Fathers' Layoffs},
   journal = {American Economic Journal-Applied Economics},
   volume = {8},
   number = {3},
   pages = {247-283},
   ISSN = {1945-7782},
   DOI = {10.1257/app.20150295},
   url = {<Go to ISI>://WOS:000378819200009
https://pubs.aeaweb.org/doi/pdfplus/10.1257/app.20150295},
   note={internal-pdf://3514471963/Hilger-2016-Parental Job Loss and Children's L.pdf},
   year = {2016},
   type = {Journal Article}
}

@article{RN114,
   author = {Hill, A. J.},
   title = {The Girl Next Door: The Effect of Opposite Gender Friends on High School Achievement},
   journal = {American Economic Journal-Applied Economics},
   volume = {7},
   number = {3},
   pages = {147-177},
   ISSN = {1945-7782},
   DOI = {10.1257/app.20140030},
   url = {<Go to ISI>://WOS:000356954300006
https://pubs.aeaweb.org/doi/pdfplus/10.1257/app.20140030},
   note={internal-pdf://2375226034/Hill-2015-The Girl Next Door_ The Effect of Op.pdf},
   year = {2015},
   type = {Journal Article}
}

@article{RN24,
   author = {Hjort, J. and Solvsten, M. and Wust, M.},
   title = {Universal Investment in Infants and Long-Run Health: Evidence from Denmark's 1937 Home Visiting Program},
   journal = {American Economic Journal-Applied Economics},
   volume = {9},
   number = {4},
   pages = {78-104},
   ISSN = {1945-7782},
   DOI = {10.1257/app.20150087},
   url = {<Go to ISI>://WOS:000411565400004
https://pubs.aeaweb.org/doi/pdfplus/10.1257/app.20150087},
   note={internal-pdf://0291488191/Hjort-2017-Universal Investment in Infants and.pdf},
   year = {2017},
   type = {Journal Article}
}

@article{RN242,
   author = {Hnatkovska, V. and Lahiri, A. and Paul, S.},
   title = {Castes and Labor Mobility},
   journal = {American Economic Journal-Applied Economics},
   volume = {4},
   number = {2},
   pages = {274-307},
   ISSN = {1945-7782},
   DOI = {10.1257/app.4.2.274},
   url = {<Go to ISI>://WOS:000302788500010
https://pubs.aeaweb.org/doi/pdfplus/10.1257/app.4.2.274},
   note={internal-pdf://4283998008/Hnatkovska-2012-Castes and Labor Mobility.pdf},
   year = {2012},
   type = {Journal Article}
}

@article{RN32,
   author = {Hoekstra, M. and Puller, S. L. and West, J.},
   title = {Cash for Corollas: When Stimulus Reduces Spending},
   journal = {American Economic Journal-Applied Economics},
   volume = {9},
   number = {3},
   pages = {1-35},
   ISSN = {1945-7782},
   DOI = {10.1257/app.20150172},
   url = {<Go to ISI>://WOS:000404525400001
https://pubs.aeaweb.org/doi/pdfplus/10.1257/app.20150172},
   note={internal-pdf://3128227560/Hoekstra-2017-Cash for Corollas_ When Stimulus.pdf},
   year = {2017},
   type = {Journal Article}
}

@article{RN66,
   author = {Holden, K. L.},
   title = {Buy the Book? Evidence on the Effect of Textbook Funding on School-Level Achievement},
   journal = {American Economic Journal-Applied Economics},
   volume = {8},
   number = {4},
   pages = {100-127},
   ISSN = {1945-7782},
   DOI = {10.1257/app.20150112},
   url = {<Go to ISI>://WOS:000390110500004
https://pubs.aeaweb.org/doi/pdfplus/10.1257/app.20150112},
   note={internal-pdf://3645691691/Holden-2016-Buy the Book_ Evidence on the Effe.pdf},
   year = {2016},
   type = {Journal Article}
}

@article{RN172,
   author = {Hornbeck, R. and Keskin, P.},
   title = {The Historically Evolving Impact of the Ogallala Aquifer: Agricultural Adaptation to Groundwater and Drought},
   journal = {American Economic Journal-Applied Economics},
   volume = {6},
   number = {1},
   pages = {190-219},
   ISSN = {1945-7782},
   DOI = {10.1257/app.6.1.190},
   url = {<Go to ISI>://WOS:000329292900008
https://pubs.aeaweb.org/doi/pdfplus/10.1257/app.6.1.190},
   note={internal-pdf://1826708058/Hornbeck-2014-The Historically Evolving Impact.pdf},
   year = {2014},
   type = {Journal Article}
}

@article{RN334,
   author = {Hoynes, H. W. and Schanzenbach, D. W.},
   title = {Consumption Responses to In-Kind Transfers: Evidence from the Introduction of the Food Stamp Program},
   journal = {American Economic Journal-Applied Economics},
   volume = {1},
   number = {4},
   pages = {109-139},
   ISSN = {1945-7782},
   DOI = {10.1257/app.1.4.109},
   url = {<Go to ISI>://WOS:000284558500005
https://pubs.aeaweb.org/doi/pdfplus/10.1257/app.1.4.109},
   note={internal-pdf://3936168221/Hoynes-2009-Consumption Responses to In-Kind T.pdf},
   year = {2009},
   type = {Journal Article}
}

@article{RN279,
   author = {Hsieh, C. T. and Miguel, E. and Ortega, D. and Rodriguez, F.},
   title = {The Price of Political Opposition: Evidence from Venezuela's Maisanta},
   journal = {American Economic Journal-Applied Economics},
   volume = {3},
   number = {2},
   pages = {196-214},
   ISSN = {1945-7782},
   DOI = {10.1257/app.3.2.196},
   url = {<Go to ISI>://WOS:000289078200008
https://pubs.aeaweb.org/doi/pdfplus/10.1257/app.3.2.196},
   note={internal-pdf://3930483417/Hsieh-2011-The Price of Political Opposition_.pdf},
   year = {2011},
   type = {Journal Article}
}

@article{RN198,
   author = {Huang, W. and Lei, X. Y. and Ridder, G. and Strauss, J. and Zhao, Y. H.},
   title = {Health, Height, Height Shrinkage, and SES at Older Ages: Evidence from China},
   journal = {American Economic Journal-Applied Economics},
   volume = {5},
   number = {2},
   pages = {86-121},
   ISSN = {1945-7782},
   DOI = {10.1257/app.5.2.86},
   url = {<Go to ISI>://WOS:000316732800004
https://www.ncbi.nlm.nih.gov/pmc/articles/PMC4652843/pdf/nihms711196.pdf},
   note={internal-pdf://3594794105/Huang-2013-Health, Height, Height Shrinkage, a.pdf},
   year = {2013},
   type = {Journal Article}
}

@article{RN353,
   author = {Huillery, E.},
   title = {History Matters: The Long-Term Impact of Colonial Public Investments in French West Africa},
   journal = {American Economic Journal-Applied Economics},
   volume = {1},
   number = {2},
   pages = {176-215},
   ISSN = {1945-7782},
   DOI = {10.1257/app.1.2.176},
   url = {<Go to ISI>://WOS:000284558200008
https://pubs.aeaweb.org/doi/pdfplus/10.1257/app.1.2.176},
   note={internal-pdf://3325953828/Huillery-2009-History Matters_ The Long-Term I.pdf},
   year = {2009},
   type = {Journal Article}
}

@article{RN362,
   author = {Ichino, A. and Moretti, E.},
   title = {Biological Gender Differences, Absenteeism, and the Earnings Gap},
   journal = {American Economic Journal-Applied Economics},
   volume = {1},
   number = {1},
   pages = {183-218},
   ISSN = {1945-7782},
   DOI = {10.1257/app.1.1.183},
   url = {<Go to ISI>://WOS:000284504500009
https://pubs.aeaweb.org/doi/pdfplus/10.1257/app.1.1.183},
   note={internal-pdf://2223323575/Ichino-2009-Biological Gender Differences, Abs.pdf},
   year = {2009},
   type = {Journal Article}
}

@article{RN126,
   author = {Imbert, C. and Papp, J.},
   title = {Labor Market Effects of Social Programs: Evidence from India's Employment Guarantee},
   journal = {American Economic Journal-Applied Economics},
   volume = {7},
   number = {2},
   pages = {233-263},
   ISSN = {1945-7782},
   DOI = {10.1257/app.20130401},
   url = {<Go to ISI>://WOS:000351932800009
https://pubs.aeaweb.org/doi/pdfplus/10.1257/app.20130401},
   note={internal-pdf://3793830259/Imbert-2015-Labor Market Effects of Social Pro.pdf},
   year = {2015},
   type = {Journal Article}
}

@article{RN219,
   author = {Iyer, L. and Mani, A. and Mishra, P. and Topalova, P.},
   title = {The Power of Political Voice: Women's Political Representation and Crime in India},
   journal = {American Economic Journal-Applied Economics},
   volume = {4},
   number = {4},
   pages = {165-193},
   ISSN = {1945-7782},
   DOI = {10.1257/app.4.4.165},
   url = {<Go to ISI>://WOS:000309513600007
https://pubs.aeaweb.org/doi/pdfplus/10.1257/app.4.4.165},
   note={internal-pdf://1420275634/Iyer-2012-The Power of Political Voice_ Women'.pdf},
   year = {2012},
   type = {Journal Article}
}

@article{RN190,
   author = {Jack, B. K.},
   title = {Private Information and the Allocation of Land Use Subsidies in Malawi},
   journal = {American Economic Journal-Applied Economics},
   volume = {5},
   number = {3},
   pages = {113-135},
   ISSN = {1945-7782},
   DOI = {10.1257/app.5.3.113},
   url = {<Go to ISI>://WOS:000321251600006
https://pubs.aeaweb.org/doi/pdfplus/10.1257/app.5.3.113},
   note={internal-pdf://2808669029/Jack-2013-Private Information and the Allocati.pdf},
   year = {2013},
   type = {Journal Article}
}

@article{RN270,
   author = {Jackson, C. K. and Schneider, H. S.},
   title = {Do Social Connections Reduce Moral Hazard? Evidence from the New York City Taxi Industry},
   journal = {American Economic Journal-Applied Economics},
   volume = {3},
   number = {3},
   pages = {244-267},
   ISSN = {1945-7782},
   DOI = {10.1257/app.3.3.244},
   url = {<Go to ISI>://WOS:000292374300009
https://pubs.aeaweb.org/doi/pdfplus/10.1257/app.3.3.244},
   note={internal-pdf://1393916756/Jackson-2011-Do Social Connections Reduce Mora.pdf},
   year = {2011},
   type = {Journal Article}
}

@article{RN105,
   author = {Jackson, C. K. and Schneider, H. S.},
   title = {Checklists and Worker Behavior: A Field Experiment},
   journal = {American Economic Journal-Applied Economics},
   volume = {7},
   number = {4},
   pages = {136-168},
   ISSN = {1945-7782},
   DOI = {10.1257/app.20140044},
   url = {<Go to ISI>://WOS:000366652500006
https://pubs.aeaweb.org/doi/pdfplus/10.1257/app.20140044},
   note={internal-pdf://3146101013/Jackson-2015-Checklists and Worker Behavior_ A.pdf},
   year = {2015},
   type = {Journal Article}
}

@article{RN333,
   author = {Jackson, K. and Bruegmann, E.},
   title = {Teaching Students and Teaching Each Other: The Importance of Peer Learning for Teachers},
   journal = {American Economic Journal-Applied Economics},
   volume = {1},
   number = {4},
   pages = {85-108},
   ISSN = {1945-7782},
   DOI = {10.1257/app.1.4.85},
   url = {<Go to ISI>://WOS:000284558500004
https://pubs.aeaweb.org/doi/pdfplus/10.1257/app.1.4.85},
   note={internal-pdf://1964971482/Jackson-2009-Teaching Students and Teaching Ea.pdf},
   year = {2009},
   type = {Journal Article}
}

@article{RN339,
   author = {Jacob, B. A. and Lefgren, L.},
   title = {The Effect of Grade Retention on High School Completion},
   journal = {American Economic Journal-Applied Economics},
   volume = {1},
   number = {3},
   pages = {33-58},
   ISSN = {1945-7782},
   DOI = {10.1257/app.1.3.33},
   url = {<Go to ISI>://WOS:000284558300002
https://pubs.aeaweb.org/doi/pdfplus/10.1257/app.1.3.33},
   note={internal-pdf://0138304204/Jacob-2009-The Effect of Grade Retention on Hi.pdf},
   year = {2009},
   type = {Journal Article}
}

@article{RN185,
   author = {Jacobsen, M. R.},
   title = {Fuel Economy and Safety: The Influences of Vehicle Class and Driver Behavior},
   journal = {American Economic Journal-Applied Economics},
   volume = {5},
   number = {3},
   pages = {1-26},
   ISSN = {1945-7782},
   DOI = {10.1257/app.5.3.1},
   url = {<Go to ISI>://WOS:000321251600001
https://pubs.aeaweb.org/doi/pdfplus/10.1257/app.5.3.1},
   note={internal-pdf://0432272430/Jacobsen-2013-Fuel Economy and Safety_ The Inf.pdf},
   year = {2013},
   type = {Journal Article}
}

@article{RN280,
   author = {Jacobson, M. and Royer, H.},
   title = {Aftershocks: The Impact of Clinic Violence on Abortion Services},
   journal = {American Economic Journal-Applied Economics},
   volume = {3},
   number = {1},
   pages = {189-223},
   ISSN = {1945-7782},
   DOI = {10.1257/app.3.1.189},
   url = {<Go to ISI>://WOS:000287105100008
https://pubs.aeaweb.org/doi/pdfplus/10.1257/app.3.1.189},
   note={internal-pdf://4127821095/Jacobson-2011-Aftershocks_ The Impact of Clini.pdf},
   year = {2011},
   type = {Journal Article}
}

@article{RN57,
   author = {Jayachandran, S.},
   title = {Fertility Decline and Missing Women},
   journal = {American Economic Journal-Applied Economics},
   volume = {9},
   number = {1},
   pages = {118-139},
   ISSN = {1945-7782},
   DOI = {10.1257/app.20150576},
   url = {<Go to ISI>://WOS:000397242100005
https://pubs.aeaweb.org/doi/pdfplus/10.1257/app.20150576},
   note={internal-pdf://3550930635/Jayachandran-2017-Fertility Decline and Missin.pdf},
   year = {2017},
   type = {Journal Article}
}

@article{RN315,
   author = {Jayachandran, S. and Lleras-Muney, A. and Smith, K. V.},
   title = {Modern Medicine and the Twentieth Century Decline in Mortality: Evidence on the Impact of Sulfa Drugs},
   journal = {American Economic Journal-Applied Economics},
   volume = {2},
   number = {2},
   pages = {118-146},
   ISSN = {1945-7782},
   DOI = {10.1257/app.2.2.118},
   url = {<Go to ISI>://WOS:000284558800005
https://pubs.aeaweb.org/doi/pdfplus/10.1257/app.2.2.118},
   note={internal-pdf://2340802514/Jayachandran-2010-Modern Medicine and the Twen.pdf},
   year = {2010},
   type = {Journal Article}
}

@article{RN116,
   author = {Jensenius, F. R.},
   title = {Development from Representation? A Study of Quotas for the Scheduled Castes in India},
   journal = {American Economic Journal-Applied Economics},
   volume = {7},
   number = {3},
   pages = {196-220},
   ISSN = {1945-7782},
   DOI = {10.1257/app.20140201},
   url = {<Go to ISI>://WOS:000356954300008
https://pubs.aeaweb.org/doi/pdfplus/10.1257/app.20140201},
   note={internal-pdf://3632818666/Jensenius-2015-Development from Representation.pdf},
   year = {2015},
   type = {Journal Article}
}

@article{RN316,
   author = {Jones, D.},
   title = {Information, Preferences, and Public Benefit Participation: Experimental Evidence from the Advance EITC and 401(k) Savings},
   journal = {American Economic Journal-Applied Economics},
   volume = {2},
   number = {2},
   pages = {147-163},
   ISSN = {1945-7782},
   DOI = {10.1257/app.2.2.147},
   url = {<Go to ISI>://WOS:000284558800006
https://www.aeaweb.org/articles?id=10.1257/app.2.2.147
https://pubs.aeaweb.org/doi/pdfplus/10.1257/app.2.2.147},
   note={internal-pdf://0564391135/Jones-2010-Information, Preferences, and Publi.pdf},
   year = {2010},
   type = {Journal Article}
}

@article{RN3,
   author = {Joseph, T. and Nyarko, Y. and Wang, S. Y.},
   title = {Asymmetric Information and Remittances: Evidence from Matched Administrative Data},
   journal = {American Economic Journal-Applied Economics},
   volume = {10},
   number = {2},
   pages = {58-100},
   ISSN = {1945-7782},
   DOI = {10.1257/app.20160150},
   url = {<Go to ISI>://WOS:000429600800003
https://pubs.aeaweb.org/doi/pdfplus/10.1257/app.20160150},
   note={internal-pdf://0965513690/Joseph-2018-Asymmetric Information and Remitta.pdf},
   year = {2018},
   type = {Journal Article}
}

@article{RN236,
   author = {Kaboski, J. P. and Townsend, R. M.},
   title = {The Impact of Credit on Village Economies},
   journal = {American Economic Journal-Applied Economics},
   volume = {4},
   number = {2},
   pages = {98-133},
   ISSN = {1945-7782},
   DOI = {10.1257/app.4.2.98},
   url = {<Go to ISI>://WOS:000302788500004
https://www.ncbi.nlm.nih.gov/pmc/articles/PMC3405909/pdf/nihms331181.pdf},
   note={internal-pdf://2265722821/Kaboski-2012-The Impact of Credit on Village E.pdf},
   year = {2012},
   type = {Journal Article}
}

@article{RN181,
   author = {Kahn, L. B.},
   title = {Asymmetric Information between Employers},
   journal = {American Economic Journal-Applied Economics},
   volume = {5},
   number = {4},
   pages = {165-205},
   ISSN = {1945-7782},
   DOI = {10.1257/app.5.4.165},
   url = {<Go to ISI>://WOS:000325754600007
https://pubs.aeaweb.org/doi/pdfplus/10.1257/app.5.4.165},
   note={internal-pdf://1014262724/Kahn-2013-Asymmetric Information between Emplo.pdf},
   year = {2013},
   type = {Journal Article}
}

@article{RN65,
   author = {Kanz, M.},
   title = {What Does Debt Relief Do for Development? Evidence from India's Bailout for Rural Households},
   journal = {American Economic Journal-Applied Economics},
   volume = {8},
   number = {4},
   pages = {66-99},
   ISSN = {1945-7782},
   DOI = {10.1257/app.20130399},
   url = {<Go to ISI>://WOS:000390110500003
https://pubs.aeaweb.org/doi/pdfplus/10.1257/app.20130399},
   note={internal-pdf://0819756876/Kanz-2016-What Does Debt Relief Do for Develop.pdf},
   year = {2016},
   type = {Journal Article}
}

@article{RN187,
   author = {Kazianga, H. and Levy, D. and Linden, L. L. and Sloan, M.},
   title = {The Effects of "Girl-Friendly" Schools: Evidence from the BRIGHT School Construction Program in Burkina Faso},
   journal = {American Economic Journal-Applied Economics},
   volume = {5},
   number = {3},
   pages = {41-62},
   ISSN = {1945-7782},
   DOI = {10.1257/app.5.3.41},
   url = {<Go to ISI>://WOS:000321251600003
https://pubs.aeaweb.org/doi/pdfplus/10.1257/app.5.3.41},
   note={internal-pdf://1358780960/Kazianga-2013-The Effects of _Girl-Friendly_ S.pdf},
   year = {2013},
   type = {Journal Article}
}

@article{RN89,
   author = {Ketel, N. and Leuven, E. and Oosterbeek, H. and van der Klaauw, B.},
   title = {The Returns to Medical School: Evidence from Admission Lotteries},
   journal = {American Economic Journal-Applied Economics},
   volume = {8},
   number = {2},
   pages = {225-254},
   ISSN = {1945-7782},
   DOI = {10.1257/app.20140506},
   url = {<Go to ISI>://WOS:000373135500008
https://pubs.aeaweb.org/doi/pdfplus/10.1257/app.20140506},
   note={internal-pdf://1696615102/Ketel-2016-The Returns to Medical School_ Evid.pdf},
   year = {2016},
   type = {Journal Article}
}

@article{RN352,
   author = {Kremer, M. and Olken, B. A.},
   title = {A Biological Model of Unions},
   journal = {American Economic Journal-Applied Economics},
   volume = {1},
   number = {2},
   pages = {150-175},
   ISSN = {1945-7782},
   DOI = {10.1257/app.1.2.150},
   url = {<Go to ISI>://WOS:000284558200007
https://pubs.aeaweb.org/doi/pdfplus/10.1257/app.1.2.150},
   note={internal-pdf://4037487065/Kremer-2009-A Biological Model of Unions.pdf},
   year = {2009},
   type = {Journal Article}
}

@article{RN213,
   author = {La Ferrara, E. and Chong, A. and Duryea, S.},
   title = {Soap Operas and Fertility: Evidence from Brazil},
   journal = {American Economic Journal-Applied Economics},
   volume = {4},
   number = {4},
   pages = {1-31},
   ISSN = {1945-7782},
   DOI = {10.1257/app.4.4.1},
   url = {<Go to ISI>://WOS:000309513600001
https://pubs.aeaweb.org/doi/pdfplus/10.1257/app.4.4.1},
   note={internal-pdf://0731658913/La Ferrara-2012-Soap Operas and Fertility_ Evi.pdf},
   year = {2012},
   type = {Journal Article}
}

@article{RN27,
   author = {La Ferrara, E. and Milazzo, A.},
   title = {Customary Norms, Inheritance, and Human Capital: Evidence from a Reform of the Matrilineal System in Ghana},
   journal = {American Economic Journal-Applied Economics},
   volume = {9},
   number = {4},
   pages = {166-185},
   ISSN = {1945-7782},
   DOI = {10.1257/app.20150342},
   url = {<Go to ISI>://WOS:000411565400007
https://pubs.aeaweb.org/doi/pdfplus/10.1257/app.20150342},
   note={internal-pdf://3481869153/La Ferrara-2017-Customary Norms, Inheritance.pdf},
   year = {2017},
   type = {Journal Article}
}

@article{RN350,
   author = {Lafontaine, F. and Sivadasan, J.},
   title = {Do Labor Market Rigidities Have Microeconomic Effects? Evidence from Within the Firm},
   journal = {American Economic Journal-Applied Economics},
   volume = {1},
   number = {2},
   pages = {88-127},
   ISSN = {1945-7782},
   DOI = {10.1257/app.1.2.88},
   url = {<Go to ISI>://WOS:000284558200005
https://pubs.aeaweb.org/doi/pdfplus/10.1257/app.1.2.88},
   note={internal-pdf://0246086346/Lafontaine-2009-Do Labor Market Rigidities Hav.pdf},
   year = {2009},
   type = {Journal Article}
}

@article{RN200,
   author = {Lafortune, J.},
   title = {Making Yourself Attractive: Pre-Marital Investments and the Returns to Education in the Marriage Market},
   journal = {American Economic Journal-Applied Economics},
   volume = {5},
   number = {2},
   pages = {151-178},
   ISSN = {1945-7782},
   DOI = {10.1257/app.5.2.151},
   url = {<Go to ISI>://WOS:000316732800006
https://pubs.aeaweb.org/doi/pdfplus/10.1257/app.5.2.151},
   note={internal-pdf://2915626020/Lafortune-2013-Making Yourself Attractive_ Pre.pdf},
   year = {2013},
   type = {Journal Article}
}

@article{RN1,
   author = {Lafortune, J. and Rothstein, J. and Schanzenbach, D. W.},
   title = {School Finance Reform and the Distribution of Student Achievement},
   journal = {American Economic Journal-Applied Economics},
   volume = {10},
   number = {2},
   pages = {1-26},
   ISSN = {1945-7782},
   DOI = {10.1257/app.20160567},
   url = {<Go to ISI>://WOS:000429600800001
https://pubs.aeaweb.org/doi/pdfplus/10.1257/app.20160567},
   note={internal-pdf://4235648179/Lafortune-2018-School Finance Reform and the D.pdf},
   year = {2018},
   type = {Journal Article}
}

@article{RN106,
   author = {Lang, K. and Weinstein, R.},
   title = {The Consequences of Teenage Childbearing before Roe v. Wade},
   journal = {American Economic Journal-Applied Economics},
   volume = {7},
   number = {4},
   pages = {169-197},
   ISSN = {1945-7782},
   DOI = {10.1257/app.20130482},
   url = {<Go to ISI>://WOS:000366652500007
https://pubs.aeaweb.org/doi/pdfplus/10.1257/app.20130482},
   note={internal-pdf://0477432285/Lang-2015-The Consequences of Teenage Childbea.pdf},
   year = {2015},
   type = {Journal Article}
}

@article{RN272,
   author = {Lavy, V. and Schlosser, A.},
   title = {Mechanisms and Impacts of Gender Peer Effects at School},
   journal = {American Economic Journal-Applied Economics},
   volume = {3},
   number = {2},
   pages = {1-33},
   ISSN = {1945-7782},
   DOI = {10.1257/app.3.2.1},
   url = {<Go to ISI>://WOS:000289078200001
https://pubs.aeaweb.org/doi/pdfplus/10.1257/app.3.2.1},
   note={internal-pdf://1765067738/Lavy-2011-Mechanisms and Impacts of Gender Pee.pdf},
   year = {2011},
   type = {Journal Article}
}

@article{RN271,
   author = {Lavy, V. and Schlosser, A.},
   title = {Mechanisms and Impacts of Gender Peer Effects at School (vol 3, pg 1, 2011)},
   journal = {American Economic Journal-Applied Economics},
   volume = {3},
   number = {3},
   pages = {268-268},
   ISSN = {1945-7782},
   DOI = {10.1257/app.3.3.268},
   url = {<Go to ISI>://WOS:000292374300010
https://pubs.aeaweb.org/doi/pdfplus/10.1257/app.3.3.268},
   note={internal-pdf://1954331550/Lavy-2011-Mechanisms and Impacts of Gender Pee.pdf},
   year = {2011},
   type = {Journal Article}
}

@article{RN248,
   author = {Lazear, E. P. and Malmendier, U. and Weber, R. A.},
   title = {Sorting in Experiments with Application to Social Preferences},
   journal = {American Economic Journal-Applied Economics},
   volume = {4},
   number = {1},
   pages = {136-163},
   ISSN = {1945-7782},
   DOI = {10.1257/app.4.1.136},
   url = {<Go to ISI>://WOS:000299169300006
https://pubs.aeaweb.org/doi/pdfplus/10.1257/app.4.1.136},
   note={internal-pdf://2636033256/Lazear-2012-Sorting in Experiments with Applic.pdf},
   year = {2012},
   type = {Journal Article}
}

@article{RN60,
   author = {Leon, G. and Miguel, E.},
   title = {Risky Transportation Choices and the Value of a Statistical Life},
   journal = {American Economic Journal-Applied Economics},
   volume = {9},
   number = {1},
   pages = {202-228},
   ISSN = {1945-7782},
   DOI = {10.1257/app.20160140},
   url = {<Go to ISI>://WOS:000397242100008
https://pubs.aeaweb.org/doi/pdfplus/10.1257/app.20160140},
   note={internal-pdf://2463865997/Leon-2017-Risky Transportation Choices and the.pdf},
   year = {2017},
   type = {Journal Article}
}

@article{RN117,
   author = {Leonardi, M.},
   title = {The Effect of Product Demand on Inequality: Evidence from the United States and the United Kingdom},
   journal = {American Economic Journal-Applied Economics},
   volume = {7},
   number = {3},
   pages = {221-247},
   ISSN = {1945-7782},
   DOI = {10.1257/app.20130359},
   url = {<Go to ISI>://WOS:000356954300009
https://pubs.aeaweb.org/doi/pdfplus/10.1257/app.20130359},
   note={internal-pdf://2537720897/Leonardi-2015-The Effect of Product Demand on.pdf},
   year = {2015},
   type = {Journal Article}
}

@article{RN289,
   author = {Levitt, S. D. and List, J. A.},
   title = {Was There Really a Hawthorne Effect at the Hawthorne Plant? An Analysis of the Original Illumination Experiments},
   journal = {American Economic Journal-Applied Economics},
   volume = {3},
   number = {1},
   pages = {224-238},
   ISSN = {1945-7782},
   DOI = {10.1257/app.3.1.224},
   url = {<Go to ISI>://WOS:000287105100009
https://pubs.aeaweb.org/doi/pdfplus/10.1257/app.3.1.224},
   note={internal-pdf://0935951208/Levitt-2011-Was There Really a Hawthorne Effec.pdf},
   year = {2011},
   type = {Journal Article}
}

@article{RN45,
   author = {Li, D.},
   title = {Expertise versus Bias in Evaluation: Evidence from the NIH},
   journal = {American Economic Journal-Applied Economics},
   volume = {9},
   number = {2},
   pages = {60-92},
   ISSN = {1945-7782},
   DOI = {10.1257/app.20150421},
   url = {<Go to ISI>://WOS:000398733400003
https://pubs.aeaweb.org/doi/pdfplus/10.1257/app.20150421},
   note={internal-pdf://0724462458/Li-2017-Expertise versus Bias in Evaluation_ E.pdf},
   year = {2017},
   type = {Journal Article}
}

@article{RN104,
   author = {Lim, C. S. H. and Snyder, J. M. and Stromberg, D.},
   title = {The Judge, the Politician, and the Press: Newspaper Coverage and Criminal Sentencing across Electoral Systems},
   journal = {American Economic Journal-Applied Economics},
   volume = {7},
   number = {4},
   pages = {103-135},
   ISSN = {1945-7782},
   DOI = {10.1257/app.20140111},
   url = {<Go to ISI>://WOS:000366652500005
https://pubs.aeaweb.org/doi/pdfplus/10.1257/app.20140111},
   note={internal-pdf://0835079195/Lim-2015-The Judge, the Politician, and the Pr.pdf},
   year = {2015},
   type = {Journal Article}
}

@article{RN314,
   author = {Lindo, J. M. and Sanders, N. J. and Oreopoulos, P.},
   title = {Ability, Gender, and Performance Standards: Evidence from Academic Probation},
   journal = {American Economic Journal-Applied Economics},
   volume = {2},
   number = {2},
   pages = {95-117},
   ISSN = {1945-7782},
   DOI = {10.1257/app.2.2.95},
   url = {<Go to ISI>://WOS:000284558800004
https://pubs.aeaweb.org/doi/pdfplus/10.1257/app.2.2.95},
   note={internal-pdf://1938372661/Lindo-2010-Ability, Gender, and Performance St.pdf},
   year = {2010},
   type = {Journal Article}
}

@article{RN18,
   author = {Lindo, J. M. and Siminski, P. and Swensen, I. D.},
   title = {College Party Culture and Sexual Assault},
   journal = {American Economic Journal-Applied Economics},
   volume = {10},
   number = {1},
   pages = {236-265},
   ISSN = {1945-7782},
   DOI = {10.1257/app.20160031},
   url = {<Go to ISI>://WOS:000419143400008
https://pubs.aeaweb.org/doi/pdfplus/10.1257/app.20160031},
   note={internal-pdf://0062990251/Lindo-2018-College Party Culture and Sexual As.pdf},
   year = {2018},
   type = {Journal Article}
}

@article{RN222,
   author = {Lindo, J. M. and Swensen, I. D. and Waddell, G. R.},
   title = {Are Big-Time Sports a Threat to Student Achievement?},
   journal = {American Economic Journal-Applied Economics},
   volume = {4},
   number = {4},
   pages = {254-274},
   ISSN = {1945-7782},
   DOI = {10.1257/app.4.4.254},
   url = {<Go to ISI>://WOS:000309513600010
https://pubs.aeaweb.org/doi/pdfplus/10.1257/app.4.4.254},
   note={internal-pdf://0547952791/Lindo-2012-Are Big-Time Sports a Threat to Stu.pdf},
   year = {2012},
   type = {Journal Article}
}

@article{RN286,
   author = {Lindqvist, E. and Vestman, R.},
   title = {The Labor Market Returns to Cognitive and Noncognitive Ability: Evidence from the Swedish Enlistment},
   journal = {American Economic Journal-Applied Economics},
   volume = {3},
   number = {1},
   pages = {101-128},
   ISSN = {1945-7782},
   DOI = {10.1257/app.3.1.101},
   url = {<Go to ISI>://WOS:000287105100005
https://pubs.aeaweb.org/doi/pdfplus/10.1257/app.3.1.101},
   note={internal-pdf://0036243578/Lindqvist-2011-The Labor Market Returns to Cog.pdf},
   year = {2011},
   type = {Journal Article}
}

@article{RN202,
   author = {Lipscomb, M. and Mobarak, A. M. and Barham, T.},
   title = {Development Effects of Electrification: Evidence from the Topographic Placement of Hydropower Plants in Brazil},
   journal = {American Economic Journal-Applied Economics},
   volume = {5},
   number = {2},
   pages = {200-231},
   ISSN = {1945-7782},
   DOI = {10.1257/app.5.2.200},
   url = {<Go to ISI>://WOS:000316732800008
https://pubs.aeaweb.org/doi/pdfplus/10.1257/app.5.2.200},
   note={internal-pdf://2316262300/Lipscomb-2013-Development Effects of Electrifi.pdf},
   year = {2013},
   type = {Journal Article}
}

@article{RN182,
   author = {Litschig, S. and Morrison, K. M.},
   title = {The Impact of Intergovernmental Transfers on Education Outcomes and Poverty Reduction},
   journal = {American Economic Journal-Applied Economics},
   volume = {5},
   number = {4},
   pages = {206-240},
   ISSN = {1945-7782},
   DOI = {10.1257/app.5.4.206},
   url = {<Go to ISI>://WOS:000325754600008
https://pubs.aeaweb.org/doi/pdfplus/10.1257/app.5.4.206},
   note={internal-pdf://0266200918/Litschig-2013-The Impact of Intergovernmental.pdf},
   year = {2013},
   type = {Journal Article}
}

@article{RN233,
   author = {Loken, K. V. and Mogstad, M. and Wiswall, M.},
   title = {What Linear Estimators Miss: The Effects of Family Income on Child Outcomes},
   journal = {American Economic Journal-Applied Economics},
   volume = {4},
   number = {2},
   pages = {1-35},
   ISSN = {1945-7782},
   DOI = {10.1257/app.4.2.1},
   url = {<Go to ISI>://WOS:000302788500001
https://pubs.aeaweb.org/doi/pdfplus/10.1257/app.4.2.1},
   note={internal-pdf://2213738355/Loken-2012-What Linear Estimators Miss_ The Ef.pdf},
   year = {2012},
   type = {Journal Article}
}

@article{RN75,
   author = {Lu, Y. and Slusky, D. J. G.},
   title = {The Impact of Women's Health Clinic Closures on Preventive Care},
   journal = {American Economic Journal-Applied Economics},
   volume = {8},
   number = {3},
   pages = {100-124},
   ISSN = {1945-7782},
   DOI = {10.1257/app.20140405},
   url = {<Go to ISI>://WOS:000378819200004
https://pubs.aeaweb.org/doi/pdfplus/10.1257/app.20140405},
   note={internal-pdf://0336643587/Lu-2016-The Impact of Women's Health Clinic Cl.pdf},
   year = {2016},
   type = {Journal Article}
}

@article{RN108,
   author = {Lu, Y. and Yu, L. H.},
   title = {Trade Liberalization and Markup Dispersion: Evidence from China's WTO Accession},
   journal = {American Economic Journal-Applied Economics},
   volume = {7},
   number = {4},
   pages = {221-253},
   ISSN = {1945-7782},
   DOI = {10.1257/app.20140350},
   url = {<Go to ISI>://WOS:000366652500009
https://pubs.aeaweb.org/doi/pdfplus/10.1257/app.20140350},
   note={internal-pdf://0024949371/Lu-2015-Trade Liberalization and Markup Disper.pdf},
   year = {2015},
   type = {Journal Article}
}

@article{RN312,
   author = {Lucas, A. M.},
   title = {Malaria Eradication and Educational Attainment: Evidence from Paraguay and Sri Lanka},
   journal = {American Economic Journal-Applied Economics},
   volume = {2},
   number = {2},
   pages = {46-71},
   ISSN = {1945-7782},
   DOI = {10.1257/app.2.2.46},
   url = {<Go to ISI>://WOS:000284558800002
https://www.ncbi.nlm.nih.gov/pmc/articles/PMC3740749/pdf/nihms479944.pdf},
   note={internal-pdf://1933856039/Lucas-2010-Malaria Eradication and Educational.pdf},
   year = {2010},
   type = {Journal Article}
}

@article{RN221,
   author = {Lucas, A. M. and Mbiti, I. M.},
   title = {Access, Sorting, and Achievement: The Short-Run Effects of Free Primary Education in Kenya},
   journal = {American Economic Journal-Applied Economics},
   volume = {4},
   number = {4},
   pages = {226-253},
   ISSN = {1945-7782},
   DOI = {10.1257/app.4.4.226},
   url = {<Go to ISI>://WOS:000309513600009
https://pubs.aeaweb.org/doi/pdfplus/10.1257/app.4.4.226},
   note={internal-pdf://2076812026/Lucas-2012-Access, Sorting, and Achievement_ T.pdf},
   year = {2012},
   type = {Journal Article}
}

@article{RN154,
   author = {Lucas, A. M. and Mbiti, I. M.},
   title = {Effects of School Quality on Student Achievement: Discontinuity Evidence from Kenya},
   journal = {American Economic Journal-Applied Economics},
   volume = {6},
   number = {3},
   pages = {234-263},
   ISSN = {1945-7782},
   DOI = {10.1257/app.6.3.234},
   url = {<Go to ISI>://WOS:000338844200009
https://pubs.aeaweb.org/doi/pdfplus/10.1257/app.6.3.234},
   note={internal-pdf://3498038660/Lucas-2014-Effects of School Quality on Studen.pdf},
   year = {2014},
   type = {Journal Article}
}

@article{RN174,
   author = {Lundborg, P. and Nilsson, A. and Rooth, D. O.},
   title = {Parental Education and Offspring Outcomes: Evidence from the Swedish Compulsory School Reform},
   journal = {American Economic Journal-Applied Economics},
   volume = {6},
   number = {1},
   pages = {253-278},
   ISSN = {1945-7782},
   DOI = {10.1257/app.6.1.253},
   url = {<Go to ISI>://WOS:000329292900010
https://pubs.aeaweb.org/doi/pdfplus/10.1257/app.6.1.253},
   note={internal-pdf://1420464830/Lundborg-2014-Parental Education and Offspring.pdf},
   year = {2014},
   type = {Journal Article}
}

@article{RN332,
   author = {Lyle, D. S.},
   title = {The Effects of Peer Group Heterogeneity on the Production of Human Capital at West Point},
   journal = {American Economic Journal-Applied Economics},
   volume = {1},
   number = {4},
   pages = {69-84},
   ISSN = {1945-7782},
   DOI = {10.1257/app.1.4.69},
   url = {<Go to ISI>://WOS:000284558500003
https://pubs.aeaweb.org/doi/pdfplus/10.1257/app.1.4.69},
   note={internal-pdf://3386733344/Lyle-2009-The Effects of Peer Group Heterogene.pdf},
   year = {2009},
   type = {Journal Article}
}

@article{RN34,
   author = {Lyons, E.},
   title = {Team Production in International Labor Markets: Experimental Evidence from the Field},
   journal = {American Economic Journal-Applied Economics},
   volume = {9},
   number = {3},
   pages = {70-104},
   ISSN = {1945-7782},
   DOI = {10.1257/app.20160179},
   url = {<Go to ISI>://WOS:000404525400003
https://pubs.aeaweb.org/doi/pdfplus/10.1257/app.20160179},
   note={internal-pdf://3026354958/Lyons-2017-Team Production in International La.pdf},
   year = {2017},
   type = {Journal Article}
}

@article{RN39,
   author = {MacLeod, W. B. and Riehl, E. and Saavedra, J. E. and Urquiola, M.},
   title = {The Big Sort: College Reputation and Labor Market Outcomes},
   journal = {American Economic Journal-Applied Economics},
   volume = {9},
   number = {3},
   pages = {223-261},
   ISSN = {1945-7782},
   DOI = {10.1257/app.20160126},
   url = {<Go to ISI>://WOS:000404525400008
https://pubs.aeaweb.org/doi/pdfplus/10.1257/app.20160126},
   note={internal-pdf://2970379433/MacLeod-2017-The Big Sort_ College Reputation.pdf},
   year = {2017},
   type = {Journal Article}
}

@article{RN241,
   author = {Macours, K. and Schady, N. and Vakis, R.},
   title = {Cash Transfers, Behavioral Changes, and Cognitive Development in Early Childhood: Evidence from a Randomized Experiment},
   journal = {American Economic Journal-Applied Economics},
   volume = {4},
   number = {2},
   pages = {247-273},
   ISSN = {1945-7782},
   DOI = {10.1257/app.4.1.247},
   url = {<Go to ISI>://WOS:000302788500009},
   year = {2012},
   type = {Journal Article}
}

@article{RN323,
   author = {Magruder, J. R.},
   title = {Intergenerational Networks, Unemployment, and Persistent Inequality in South Africa},
   journal = {American Economic Journal-Applied Economics},
   volume = {2},
   number = {1},
   pages = {62-85},
   ISSN = {1945-7782},
   DOI = {10.1257/app.2.1.62},
   url = {<Go to ISI>://WOS:000284558700003
https://pubs.aeaweb.org/doi/pdfplus/10.1257/app.2.1.62},
   note={internal-pdf://2793427499/Magruder-2010-Intergenerational Networks, Unem.pdf},
   year = {2010},
   type = {Journal Article}
}

@article{RN229,
   author = {Magruder, J. R.},
   title = {High Unemployment Yet Few Small Firms: The Role of Centralized Bargaining in South Africa},
   journal = {American Economic Journal-Applied Economics},
   volume = {4},
   number = {3},
   pages = {138-166},
   ISSN = {1945-7782},
   DOI = {10.1257/app.4.3.138},
   url = {<Go to ISI>://WOS:000306108700007
https://pubs.aeaweb.org/doi/pdfplus/10.1257/app.4.3.138},
   note={internal-pdf://4111282751/Magruder-2012-High Unemployment Yet Few Small.pdf},
   year = {2012},
   type = {Journal Article}
}

@article{RN262,
   author = {Manacorda, M. and Miguel, E. and Vigorito, A.},
   title = {Government Transfers and Political Support},
   journal = {American Economic Journal-Applied Economics},
   volume = {3},
   number = {3},
   pages = {1-28},
   ISSN = {1945-7782},
   DOI = {10.1257/app.3.3.1},
   url = {<Go to ISI>://WOS:000292374300001
https://pubs.aeaweb.org/doi/pdfplus/10.1257/app.3.3.1},
   note={internal-pdf://1799897832/Manacorda-2011-Government Transfers and Politi.pdf},
   year = {2011},
   type = {Journal Article}
}

@article{RN113,
   author = {Marshall, G.},
   title = {Hassle Costs and Price Discrimination: An Empirical Welfare Analysis},
   journal = {American Economic Journal-Applied Economics},
   volume = {7},
   number = {3},
   pages = {123-146},
   ISSN = {1945-7782},
   DOI = {10.1257/app.20130046},
   url = {<Go to ISI>://WOS:000356954300005
https://pubs.aeaweb.org/doi/pdfplus/10.1257/app.20130046},
   note={internal-pdf://1567433312/Marshall-2015-Hassle Costs and Price Discrimin.pdf},
   year = {2015},
   type = {Journal Article}
}

@article{RN4,
   author = {Martinez, C. and Puentes, E. and Ruiz-Tagle, J.},
   title = {The Effects of Micro-entrepreneurship Programs on Labor Market Performance: Experimental Evidence from Chile},
   journal = {American Economic Journal-Applied Economics},
   volume = {10},
   number = {2},
   pages = {101-124},
   ISSN = {1945-7782},
   DOI = {10.1257/app.20150245},
   url = {<Go to ISI>://WOS:000429600800004
https://pubs.aeaweb.org/doi/pdfplus/10.1257/app.20150245},
   note={internal-pdf://0086507242/Martinez-2018-The Effects of Micro-entrepreneu.pdf},
   year = {2018},
   type = {Journal Article}
}

@article{RN52,
   author = {Martinez-Bravo, M.},
   title = {The Local Political Economy Effects of School Construction in Indonesia},
   journal = {American Economic Journal-Applied Economics},
   volume = {9},
   number = {2},
   pages = {256-289},
   ISSN = {1945-7782},
   DOI = {10.1257/app.20150447},
   url = {<Go to ISI>://WOS:000398733400010
https://pubs.aeaweb.org/doi/pdfplus/10.1257/app.20150447},
   note={internal-pdf://0060231665/Martinez-Bravo-2017-The Local Political Econom.pdf},
   year = {2017},
   type = {Journal Article}
}

@article{RN6,
   author = {Marx, B. M. and Turner, L. J.},
   title = {Borrowing Trouble? Human Capital Investment with Opt-In Costs and Implications for the Effectiveness of Grant Aid},
   journal = {American Economic Journal-Applied Economics},
   volume = {10},
   number = {2},
   pages = {163-201},
   ISSN = {1945-7782},
   DOI = {10.1257/app.20160127},
   url = {<Go to ISI>://WOS:000429600800006
https://pubs.aeaweb.org/doi/pdfplus/10.1257/app.20160127},
   note={internal-pdf://3796037653/Marx-2018-Borrowing Trouble_ Human Capital Inv.pdf},
   year = {2018},
   type = {Journal Article}
}

@article{RN124,
   author = {Mastrobuoni, G. and Pinotti, P.},
   title = {Legal Status and the Criminal Activity of Immigrants},
   journal = {American Economic Journal-Applied Economics},
   volume = {7},
   number = {2},
   pages = {175-206},
   ISSN = {1945-7782},
   DOI = {10.1257/app.20140039},
   url = {<Go to ISI>://WOS:000351932800007
https://pubs.aeaweb.org/doi/pdfplus/10.1257/app.20140039},
   note={internal-pdf://3871920029/Mastrobuoni-2015-Legal Status and the Criminal.pdf},
   year = {2015},
   type = {Journal Article}
}

@article{RN191,
   author = {Matsa, D. A. and Miller, A. R.},
   title = {A Female Style in Corporate Leadership? Evidence from Quotas},
   journal = {American Economic Journal-Applied Economics},
   volume = {5},
   number = {3},
   pages = {136-169},
   ISSN = {1945-7782},
   DOI = {10.1257/app.5.3.136},
   url = {<Go to ISI>://WOS:000321251600007
https://pubs.aeaweb.org/doi/pdfplus/10.1257/app.5.3.136},
   note={internal-pdf://2376580960/Matsa-2013-A Female Style in Corporate Leaders.pdf},
   year = {2013},
   type = {Journal Article}
}

@article{RN364,
   author = {Maurin, E. and Moschion, J.},
   title = {The Social Multiplier and Labor Market Participation of Mothers},
   journal = {American Economic Journal-Applied Economics},
   volume = {1},
   number = {1},
   pages = {251-272},
   ISSN = {1945-7782},
   DOI = {10.1257/app.1.1.251},
   url = {<Go to ISI>://WOS:000284504500011
https://pubs.aeaweb.org/doi/pdfplus/10.1257/app.1.1.251},
   note={internal-pdf://0687123510/Maurin-2009-The Social Multiplier and Labor Ma.pdf},
   year = {2009},
   type = {Journal Article}
}

@article{RN157,
   author = {McKenzie, D. and Theoharides, C. and Yang, D.},
   title = {Distortions in the International Migrant Labor Market: Evidence from Filipino Migration and Wage Responses to Destination Country Economic Shocks},
   journal = {American Economic Journal-Applied Economics},
   volume = {6},
   number = {2},
   pages = {49-75},
   ISSN = {1945-7782},
   DOI = {10.1257/app.6.2.49},
   url = {<Go to ISI>://WOS:000333980000003
https://pubs.aeaweb.org/doi/pdfplus/10.1257/app.6.2.49},
   note={internal-pdf://0015179199/McKenzie-2014-Distortions in the International.pdf},
   year = {2014},
   type = {Journal Article}
}

@article{RN8,
   author = {Meghir, C. and Palme, M. and Simeonova, E.},
   title = {Education and Mortality: Evidence from a Social Experiment},
   journal = {American Economic Journal-Applied Economics},
   volume = {10},
   number = {2},
   pages = {234-256},
   ISSN = {1945-7782},
   DOI = {10.1257/app.20150365},
   url = {<Go to ISI>://WOS:000429600800008
https://pubs.aeaweb.org/doi/pdfplus/10.1257/app.20150365},
   note={internal-pdf://0136874364/Meghir-2018-Education and Mortality_ Evidence.pdf},
   year = {2018},
   type = {Journal Article}
}

@article{RN328,
   author = {Meier, S. and Sprenger, C.},
   title = {Present-Biased Preferences and Credit Card Borrowing},
   journal = {American Economic Journal-Applied Economics},
   volume = {2},
   number = {1},
   pages = {193-210},
   ISSN = {1945-7782},
   DOI = {10.1257/app.2.1.193},
   url = {<Go to ISI>://WOS:000284558700008
https://pubs.aeaweb.org/doi/pdfplus/10.1257/app.2.1.193},
   note={internal-pdf://1320057183/Meier-2010-Present-Biased Preferences and Cred.pdf},
   year = {2010},
   type = {Journal Article}
}

@article{RN310,
   author = {Michaels, G. and Zhi, X. J.},
   title = {Freedom Fries},
   journal = {American Economic Journal-Applied Economics},
   volume = {2},
   number = {3},
   pages = {256-281},
   ISSN = {1945-7782},
   DOI = {10.1257/app.2.3.256},
   url = {<Go to ISI>://WOS:000284558900011
https://pubs.aeaweb.org/doi/pdfplus/10.1257/app.2.3.256},
   note={internal-pdf://2782489335/Michaels-2010-Freedom Fries.pdf},
   year = {2010},
   type = {Journal Article}
}

@article{RN261,
   author = {Miguel, E. and Satyanath, S.},
   title = {Re-examining Economic Shocks and Civil Conflict},
   journal = {American Economic Journal-Applied Economics},
   volume = {3},
   number = {4},
   pages = {228-232},
   ISSN = {1945-7782},
   DOI = {10.1257/app.3.4.228},
   url = {<Go to ISI>://WOS:000295626200009
https://pubs.aeaweb.org/doi/pdfplus/10.1257/app.3.4.228},
   note={internal-pdf://2379045219/Miguel-2011-Re-examining Economic Shocks and C.pdf},
   year = {2011},
   type = {Journal Article}
}

@article{RN37,
   author = {Miller, C.},
   title = {The Persistent Effect of Temporary Affirmative Action},
   journal = {American Economic Journal-Applied Economics},
   volume = {9},
   number = {3},
   pages = {152-190},
   ISSN = {1945-7782},
   DOI = {10.1257/app.20160121},
   url = {<Go to ISI>://WOS:000404525400006
https://pubs.aeaweb.org/doi/pdfplus/10.1257/app.20160121},
   note={internal-pdf://1695566322/Miller-2017-The Persistent Effect of Temporary.pdf},
   year = {2017},
   type = {Journal Article}
}

@article{RN177,
   author = {Miller, G. and Pinto, D. and Vera-Hernandez, M.},
   title = {Risk Protection, Service Use, and Health Outcomes under Colombia's Health Insurance Program for the Poor},
   journal = {American Economic Journal-Applied Economics},
   volume = {5},
   number = {4},
   pages = {61-91},
   ISSN = {1945-7782},
   DOI = {10.1257/app.5.4.61},
   url = {<Go to ISI>://WOS:000325754600003
https://www.ncbi.nlm.nih.gov/pmc/articles/PMC4208673/pdf/nihms521053.pdf},
   note={internal-pdf://0956106086/Miller-2013-Risk Protection, Service Use, and.pdf},
   year = {2013},
   type = {Journal Article}
}

@article{RN206,
   author = {Moretti, E.},
   title = {Real Wage Inequality},
   journal = {American Economic Journal-Applied Economics},
   volume = {5},
   number = {1},
   pages = {65-103},
   ISSN = {1945-7782},
   DOI = {10.1257/app.5.1.65},
   url = {<Go to ISI>://WOS:000313044600003
https://pubs.aeaweb.org/doi/pdfplus/10.1257/app.5.1.65},
   note={internal-pdf://3546626267/Moretti-2013-Real Wage Inequality.pdf},
   year = {2013},
   type = {Journal Article}
}

@article{RN358,
   author = {Mullainathan, S. and Washington, E.},
   title = {Sticking with Your Vote: Cognitive Dissonance and Political Attitudes},
   journal = {American Economic Journal-Applied Economics},
   volume = {1},
   number = {1},
   pages = {86-111},
   ISSN = {1945-7782},
   DOI = {10.1257/app.1.1.86},
   url = {<Go to ISI>://WOS:000284504500005
https://pubs.aeaweb.org/doi/pdfplus/10.1257/app.1.1.86},
   note={internal-pdf://1927883004/Mullainathan-2009-Sticking with Your Vote_ Cog.pdf},
   year = {2009},
   type = {Journal Article}
}

@article{RN42,
   author = {Muralidharan, K. and Prakash, N.},
   title = {Cycling to School: Increasing Secondary School Enrollment for Girls in India},
   journal = {American Economic Journal-Applied Economics},
   volume = {9},
   number = {3},
   pages = {321-350},
   ISSN = {1945-7782},
   DOI = {10.1257/app.20160004},
   url = {<Go to ISI>://WOS:000404525400011
https://pubs.aeaweb.org/doi/pdfplus/10.1257/app.20160004},
   note={internal-pdf://1760878272/Muralidharan-2017-Cycling to School_ Increasin.pdf},
   year = {2017},
   type = {Journal Article}
}

@article{RN180,
   author = {Nekoei, A.},
   title = {Immigrants' Labor Supply and Exchange Rate Volatility},
   journal = {American Economic Journal-Applied Economics},
   volume = {5},
   number = {4},
   pages = {144-164},
   ISSN = {1945-7782},
   DOI = {10.1257/app.5.4.144},
   url = {<Go to ISI>://WOS:000325754600006
https://pubs.aeaweb.org/doi/pdfplus/10.1257/app.5.4.144},
   note={internal-pdf://3161266712/Nekoei-2013-Immigrants' Labor Supply and Excha.pdf},
   year = {2013},
   type = {Journal Article}
}

@article{RN54,
   author = {Nyqvist, M. B. and de Walque, D. and Svensson, J.},
   title = {Experimental Evidence on the Long-Run Impact of Community-Based Monitoring},
   journal = {American Economic Journal-Applied Economics},
   volume = {9},
   number = {1},
   pages = {33-69},
   ISSN = {1945-7782},
   DOI = {10.1257/app.20150027},
   url = {<Go to ISI>://WOS:000397242100002
https://pubs.aeaweb.org/doi/pdfplus/10.1257/app.20150027},
   note={internal-pdf://3878811626/Nyqvist-2017-Experimental Evidence on the Long.pdf},
   year = {2017},
   type = {Journal Article}
}

@article{RN330,
   author = {Olken, B. A.},
   title = {Do Television and Radio Destroy Social Capital? Evidence from Indonesian Villages},
   journal = {American Economic Journal-Applied Economics},
   volume = {1},
   number = {4},
   pages = {1-33},
   ISSN = {1945-7782},
   DOI = {10.1257/app.1.4.1},
   url = {<Go to ISI>://WOS:000284558500001
https://pubs.aeaweb.org/doi/pdfplus/10.1257/app.1.4.1},
   note={internal-pdf://0957679435/Olken-2009-Do Television and Radio Destroy Soc.pdf},
   year = {2009},
   type = {Journal Article}
}

@article{RN135,
   author = {Olken, B. A. and Onishi, J. and Wong, S.},
   title = {Should Aid Reward Performance? Evidence from a Field Experiment on Health and Education in Indonesia},
   journal = {American Economic Journal-Applied Economics},
   volume = {6},
   number = {4},
   pages = {1-34},
   ISSN = {1945-7782},
   DOI = {10.1257/app.6.4.1},
   url = {<Go to ISI>://WOS:000343330400001
https://www.ncbi.nlm.nih.gov/pmc/articles/PMC4254820/pdf/nihms549752.pdf},
   note={internal-pdf://1202356385/Olken-2014-Should Aid Reward Performance_ Evid.pdf},
   year = {2014},
   type = {Journal Article}
}

@article{RN253,
   author = {Olken, B. A. and Singhal, M.},
   title = {Informal Taxation},
   journal = {American Economic Journal-Applied Economics},
   volume = {3},
   number = {4},
   pages = {1-28},
   ISSN = {1945-7782},
   DOI = {10.1257/app.3.4.1},
   url = {<Go to ISI>://WOS:000295626200001
https://www.ncbi.nlm.nih.gov/pmc/articles/PMC3243951/pdf/nihms325512.pdf},
   note={internal-pdf://3950549649/Olken-2011-Informal Taxation.pdf},
   year = {2011},
   type = {Journal Article}
}

@article{RN243,
   author = {Oreopoulos, P. and von Wachter, T. and Heisz, A.},
   title = {The Short- and Long-Term Career Effects of Graduating in a Recession},
   journal = {American Economic Journal-Applied Economics},
   volume = {4},
   number = {1},
   pages = {1-29},
   ISSN = {1945-7782},
   DOI = {10.1257/app.4.1.1},
   url = {<Go to ISI>://WOS:000299169300001
https://pubs.aeaweb.org/doi/pdfplus/10.1257/app.4.1.1},
   note={internal-pdf://3948603044/Oreopoulos-2012-The Short- and Long-Term Caree.pdf},
   year = {2012},
   type = {Journal Article}
}

@article{RN160,
   author = {Ost, B.},
   title = {How Do Teachers Improve? The Relative Importance of Specific and General Human Capital},
   journal = {American Economic Journal-Applied Economics},
   volume = {6},
   number = {2},
   pages = {127-151},
   ISSN = {1945-7782},
   DOI = {10.1257/app.6.2.127},
   url = {<Go to ISI>://WOS:000333980000006
https://pubs.aeaweb.org/doi/pdfplus/10.1257/app.6.2.127},
   note={internal-pdf://4262444542/Ost-2014-How Do Teachers Improve_ The Relative.pdf},
   year = {2014},
   type = {Journal Article}
}

@article{RN285,
   author = {Oster, E. and Thornton, R.},
   title = {Menstruation, Sanitary Products, and School Attendance: Evidence from a Randomized Evaluation},
   journal = {American Economic Journal-Applied Economics},
   volume = {3},
   number = {1},
   pages = {91-100},
   ISSN = {1945-7782},
   DOI = {10.1257/app.3.1.91},
   url = {<Go to ISI>://WOS:000287105100004
https://pubs.aeaweb.org/doi/pdfplus/10.1257/app.3.1.91},
   note={internal-pdf://2511971888/Oster-2011-Menstruation, Sanitary Products, an.pdf},
   year = {2011},
   type = {Journal Article}
}

@article{RN307,
   author = {Pandey, P.},
   title = {Service Delivery and Corruption in Public Services: How Does History Matter?},
   journal = {American Economic Journal-Applied Economics},
   volume = {2},
   number = {3},
   pages = {190-204},
   ISSN = {1945-7782},
   DOI = {10.1257/app.2.3.190},
   url = {<Go to ISI>://WOS:000284558900008
https://pubs.aeaweb.org/doi/pdfplus/10.1257/app.2.3.190},
   note={internal-pdf://2862847695/Pandey-2010-Service Delivery and Corruption in.pdf},
   year = {2010},
   type = {Journal Article}
}

@article{RN344,
   author = {Peri, G. and Sparber, C.},
   title = {Task Specialization, Immigration, and Wages},
   journal = {American Economic Journal-Applied Economics},
   volume = {1},
   number = {3},
   pages = {135-169},
   ISSN = {1945-7782},
   DOI = {10.1257/app.1.3.135},
   url = {<Go to ISI>://WOS:000284558300007
https://pubs.aeaweb.org/doi/pdfplus/10.1257/app.1.3.135},
   note={internal-pdf://3929573167/Peri-2009-Task Specialization, Immigration, an.pdf},
   year = {2009},
   type = {Journal Article}
}

@article{RN348,
   author = {Piketty, T. and Qian, N.},
   title = {Income Inequality and Progressive Income Taxation in China and India, 1986-2015},
   journal = {American Economic Journal-Applied Economics},
   volume = {1},
   number = {2},
   pages = {53-63},
   ISSN = {1945-7782},
   DOI = {10.1257/app.1.2.53},
   url = {<Go to ISI>://WOS:000284558200003
https://pubs.aeaweb.org/doi/pdfplus/10.1257/app.1.2.53},
   note={internal-pdf://1846965987/Piketty-2009-Income Inequality and Progressive.pdf},
   year = {2009},
   type = {Journal Article}
}

@article{RN77,
   author = {Polyakova, M.},
   title = {Regulation of Insurance with Adverse Selection and Switching Costs: Evidence from Medicare Part D},
   journal = {American Economic Journal-Applied Economics},
   volume = {8},
   number = {3},
   pages = {165-195},
   ISSN = {1945-7782},
   DOI = {10.1257/app.20150004},
   url = {<Go to ISI>://WOS:000378819200006
https://pubs.aeaweb.org/doi/pdfplus/10.1257/app.20150004},
   note={internal-pdf://0669411076/Polyakova-2016-Regulation of Insurance with Ad.pdf},
   year = {2016},
   type = {Journal Article}
}

@article{RN159,
   author = {Pradhan, M. and Suryadarma, D. and Beatty, A. and Wong, M. and Gaduh, A. and Alisjahbana, A. and Artha, R. P.},
   title = {Improving Educational Quality through Enhancing Community Participation: Results from a Randomized Field Experiment in Indonesia},
   journal = {American Economic Journal-Applied Economics},
   volume = {6},
   number = {2},
   pages = {105-126},
   ISSN = {1945-7782},
   DOI = {10.1257/app.6.2.105},
   url = {<Go to ISI>://WOS:000333980000005
https://pubs.aeaweb.org/doi/pdfplus/10.1257/app.6.2.105},
   note={internal-pdf://2340181204/Pradhan-2014-Improving Educational Quality thr.pdf},
   year = {2014},
   type = {Journal Article}
}

@article{RN218,
   author = {Robinson, J.},
   title = {Limited Insurance within the Household: Evidence from a Field Experiment in Kenya},
   journal = {American Economic Journal-Applied Economics},
   volume = {4},
   number = {4},
   pages = {140-164},
   ISSN = {1945-7782},
   DOI = {10.1257/app.4.4.140},
   url = {<Go to ISI>://WOS:000309513600006
https://pubs.aeaweb.org/doi/pdfplus/10.1257/app.4.4.140},
   note={internal-pdf://2150711440/Robinson-2012-Limited Insurance within the Hou.pdf},
   year = {2012},
   type = {Journal Article}
}

@article{RN283,
   author = {Robinson, J. and Yeh, E.},
   title = {Transactional Sex as a Response to Risk in Western Kenya},
   journal = {American Economic Journal-Applied Economics},
   volume = {3},
   number = {1},
   pages = {35-64},
   ISSN = {1945-7782},
   DOI = {10.1257/app.3.1.35},
   url = {<Go to ISI>://WOS:000287105100002
https://pubs.aeaweb.org/doi/pdfplus/10.1257/app.3.1.35},
   note={internal-pdf://2256482294/Robinson-2011-Transactional Sex as a Response.pdf},
   year = {2011},
   type = {Journal Article}
}

@article{RN25,
   author = {Rocha, R. and Ferraz, C. and Soares, R. R.},
   title = {Human Capital Persistence and Development},
   journal = {American Economic Journal-Applied Economics},
   volume = {9},
   number = {4},
   pages = {105-136},
   ISSN = {1945-7782},
   DOI = {10.1257/app.20150532},
   url = {<Go to ISI>://WOS:000411565400005
https://pubs.aeaweb.org/doi/pdfplus/10.1257/app.20150532},
   note={internal-pdf://0719134619/Rocha-2017-Human Capital Persistence and Devel.pdf},
   year = {2017},
   type = {Journal Article}
}

@article{RN217,
   author = {Rodriguez-Planas, N.},
   title = {Longer-Term Impacts of Mentoring, Educational Services, and Learning Incentives: Evidence from a Randomized Trial in the United States},
   journal = {American Economic Journal-Applied Economics},
   volume = {4},
   number = {4},
   pages = {121-139},
   ISSN = {1945-7782},
   DOI = {10.1257/app.4.4.121},
   url = {<Go to ISI>://WOS:000309513600005
https://pubs.aeaweb.org/doi/pdfplus/10.1257/app.4.4.121},
   note={internal-pdf://2849706354/Rodriguez-Plana-2012-Longer-Term Impacts of Me.pdf},
   year = {2012},
   type = {Journal Article}
}

@article{RN46,
   author = {Rossin-Slater, M.},
   title = {Signing Up New Fathers: Do Paternity Establishment Initiatives Increase Marriage, Parental Investment, and Child Well-Being?},
   journal = {American Economic Journal-Applied Economics},
   volume = {9},
   number = {2},
   pages = {93-130},
   ISSN = {1945-7782},
   DOI = {10.1257/app.20150314},
   url = {<Go to ISI>://WOS:000398733400004
https://pubs.aeaweb.org/doi/pdfplus/10.1257/app.20150314},
   note={internal-pdf://3800039781/Rossin-Slater-2017-Signing Up New Fathers_ Do.pdf},
   year = {2017},
   type = {Journal Article}
}

@article{RN357,
   author = {Royer, H.},
   title = {Separated at Girth: US Twin Estimates of the Effects of Birth Weight},
   journal = {American Economic Journal-Applied Economics},
   volume = {1},
   number = {1},
   pages = {49-85},
   ISSN = {1945-7782},
   DOI = {10.1257/app.1.1.49},
   url = {<Go to ISI>://WOS:000284504500004
https://www.aeaweb.org/articles?id=10.1257/app.1.1.49
https://pubs.aeaweb.org/doi/pdfplus/10.1257/app.1.1.49},
   note={internal-pdf://0450412995/Royer-2009-Separated at Girth_ US Twin Estimat.pdf},
   year = {2009},
   type = {Journal Article}
}

@article{RN111,
   author = {Royer, H. and Stehr, M. and Sydnor, J.},
   title = {Incentives, Commitments, and Habit Formation in Exercise: Evidence from a Field Experiment with Workers at a Fortune-500 Company},
   journal = {American Economic Journal-Applied Economics},
   volume = {7},
   number = {3},
   pages = {51-84},
   ISSN = {1945-7782},
   DOI = {10.1257/app.20130327},
   url = {<Go to ISI>://WOS:000356954300003
https://pubs.aeaweb.org/doi/pdfplus/10.1257/app.20130327},
   note={internal-pdf://2162356755/Royer-2015-Incentives, Commitments, and Habit.pdf},
   year = {2015},
   type = {Journal Article}
}

@article{RN247,
   author = {Sacerdote, B.},
   title = {When the Saints Go Marching Out: Long-Term Outcomes for Student Evacuees from Hurricanes Katrina and Rita},
   journal = {American Economic Journal-Applied Economics},
   volume = {4},
   number = {1},
   pages = {109-135},
   ISSN = {1945-7782},
   DOI = {10.1257/app.4.1.109},
   url = {<Go to ISI>://WOS:000299169300005
https://pubs.aeaweb.org/doi/pdfplus/10.1257/app.4.1.109},
   note={internal-pdf://1728504341/Sacerdote-2012-When the Saints Go Marching Out.pdf},
   year = {2012},
   type = {Journal Article}
}

@article{RN224,
   author = {Santavirta, T.},
   title = {How Large Are the Effects from Temporary Changes in Family Environment: Evidence from a Child-Evacuation Program During World War II},
   journal = {American Economic Journal-Applied Economics},
   volume = {4},
   number = {3},
   pages = {28-42},
   ISSN = {1945-7782},
   DOI = {10.1257/app.4.3.28},
   url = {<Go to ISI>://WOS:000306108700002
https://pubs.aeaweb.org/doi/pdfplus/10.1257/app.4.3.28},
   note={internal-pdf://1593364562/Santavirta-2012-How Large Are the Effects from.pdf},
   year = {2012},
   type = {Journal Article}
}

@article{RN123,
   author = {Schaner, S.},
   title = {Do Opposites Detract? Intrahousehold Preference Heterogeneity and Inefficient Strategic Savings},
   journal = {American Economic Journal-Applied Economics},
   volume = {7},
   number = {2},
   pages = {135-174},
   ISSN = {1945-7782},
   DOI = {10.1257/app.20130271},
   url = {<Go to ISI>://WOS:000351932800006
https://pubs.aeaweb.org/doi/pdfplus/10.1257/app.20130271},
   note={internal-pdf://4247568312/Schaner-2015-Do Opposites Detract_ Intrahouseh.pdf},
   year = {2015},
   type = {Journal Article}
}

@article{RN300,
   author = {Schmieder, J. F. and von Wachter, T.},
   title = {Does Wage Persistence Matter for Employment Fluctuations? Evidence from Displaced Workers},
   journal = {American Economic Journal-Applied Economics},
   volume = {2},
   number = {3},
   pages = {1-21},
   ISSN = {1945-7782},
   DOI = {10.1257/app.2.3.1},
   url = {<Go to ISI>://WOS:000284558900001
https://pubs.aeaweb.org/doi/pdfplus/10.1257/app.2.3.1},
   note={internal-pdf://3625365044/Schmieder-2010-Does Wage Persistence Matter fo.pdf},
   year = {2010},
   type = {Journal Article}
}

@article{RN152,
   author = {Schumann, A.},
   title = {Persistence of Population Shocks: Evidence from the Occupation of West Germany after World War II},
   journal = {American Economic Journal-Applied Economics},
   volume = {6},
   number = {3},
   pages = {189-205},
   ISSN = {1945-7782},
   DOI = {10.1257/app.6.3.189},
   url = {<Go to ISI>://WOS:000338844200007
https://pubs.aeaweb.org/doi/pdfplus/10.1257/app.6.3.189},
   note={internal-pdf://1179225562/Schumann-2014-Persistence of Population Shocks.pdf},
   year = {2014},
   type = {Journal Article}
}

@article{RN254,
   author = {Sekhri, S.},
   title = {Public Provision and Protection of Natural Resources: Groundwater Irrigation in Rural India},
   journal = {American Economic Journal-Applied Economics},
   volume = {3},
   number = {4},
   pages = {29-55},
   ISSN = {1945-7782},
   DOI = {10.1257/app.3.4.29},
   url = {<Go to ISI>://WOS:000295626200002
https://pubs.aeaweb.org/doi/pdfplus/10.1257/app.3.4.29},
   note={internal-pdf://3943144967/Sekhri-2011-Public Provision and Protection of.pdf},
   year = {2011},
   type = {Journal Article}
}

@article{RN149,
   author = {Sekhri, S.},
   title = {Wells, Water, and Welfare: The Impact of Access to Groundwater on Rural Poverty and Conflict},
   journal = {American Economic Journal-Applied Economics},
   volume = {6},
   number = {3},
   pages = {76-102},
   ISSN = {1945-7782},
   DOI = {10.1257/app.6.3.76},
   url = {<Go to ISI>://WOS:000338844200004
https://pubs.aeaweb.org/doi/pdfplus/10.1257/app.6.3.76},
   note={internal-pdf://4219305452/Sekhri-2014-Wells, Water, and Welfare_ The Imp.pdf},
   year = {2014},
   type = {Journal Article}
}

@article{RN26,
   author = {Shayo, M. and Zussman, A.},
   title = {Conflict and the Persistence of Ethnic Bias},
   journal = {American Economic Journal-Applied Economics},
   volume = {9},
   number = {4},
   pages = {137-165},
   ISSN = {1945-7782},
   DOI = {10.1257/app.20160220},
   url = {<Go to ISI>://WOS:000411565400006
https://pubs.aeaweb.org/doi/pdfplus/10.1257/app.20160220},
   note={internal-pdf://1194487325/Shayo-2017-Conflict and the Persistence of Eth.pdf},
   year = {2017},
   type = {Journal Article}
}

@article{RN79,
   author = {Shertzer, A. and Twinam, T. and Walsh, R. P.},
   title = {Race, Ethnicity, and Discriminatory Zoning},
   journal = {American Economic Journal-Applied Economics},
   volume = {8},
   number = {3},
   pages = {217-246},
   ISSN = {1945-7782},
   DOI = {10.1257/app.20140430},
   url = {<Go to ISI>://WOS:000378819200008
https://pubs.aeaweb.org/doi/pdfplus/10.1257/app.20140430},
   note={internal-pdf://2026886510/Shertzer-2016-Race, Ethnicity, and Discriminat.pdf},
   year = {2016},
   type = {Journal Article}
}

@article{RN137,
   author = {Sheu, G.},
   title = {Price, Quality, and Variety: Measuring the Gains from Trade in Differentiated Products},
   journal = {American Economic Journal-Applied Economics},
   volume = {6},
   number = {4},
   pages = {66-89},
   ISSN = {1945-7782},
   DOI = {10.1257/app.6.4.66},
   url = {<Go to ISI>://WOS:000343330400003
https://www.aeaweb.org/articles?id=10.1257/app.6.4.66
https://pubs.aeaweb.org/doi/pdfplus/10.1257/app.6.4.66},
   note={internal-pdf://0476185456/Sheu-2014-Price, Quality, and Variety_ Measuri.pdf},
   year = {2014},
   type = {Journal Article}
}

@article{RN67,
   author = {Simon, D.},
   title = {Does Early Life Exposure to Cigarette Smoke Permanently Harm Childhood Welfare? Evidence from Cigarette Tax Hikes},
   journal = {American Economic Journal-Applied Economics},
   volume = {8},
   number = {4},
   pages = {128-159},
   ISSN = {1945-7782},
   DOI = {10.1257/app.20150476},
   url = {<Go to ISI>://WOS:000390110500005
https://pubs.aeaweb.org/doi/pdfplus/10.1257/app.20150476},
   note={internal-pdf://3398315574/Simon-2016-Does Early Life Exposure to Cigaret.pdf},
   year = {2016},
   type = {Journal Article}
}

@article{RN84,
   author = {Smith, A. C.},
   title = {Spring Forward at Your Own Risk: Daylight Saving Time and Fatal Vehicle Crashes},
   journal = {American Economic Journal-Applied Economics},
   volume = {8},
   number = {2},
   pages = {65-91},
   ISSN = {1945-7782},
   DOI = {10.1257/app.20140100},
   url = {<Go to ISI>://WOS:000373135500003
https://pubs.aeaweb.org/doi/pdfplus/10.1257/app.20140100},
   note={internal-pdf://4291321548/Smith-2016-Spring Forward at Your Own Risk_ Da.pdf},
   year = {2016},
   type = {Journal Article}
}

@article{RN245,
   author = {Stange, K. M.},
   title = {An Empirical Investigation of the Option Value of College Enrollment},
   journal = {American Economic Journal-Applied Economics},
   volume = {4},
   number = {1},
   pages = {49-84},
   ISSN = {1945-7782},
   DOI = {10.1257/app.4.1.49},
   url = {<Go to ISI>://WOS:000299169300003
https://pubs.aeaweb.org/doi/pdfplus/10.1257/app.4.1.49},
   note={internal-pdf://1015435036/Stange-2012-An Empirical Investigation of the.pdf},
   year = {2012},
   type = {Journal Article}
}

@article{RN256,
   author = {Stephens, M. and Unayama, T.},
   title = {The Consumption Response to Seasonal Income: Evidence from Japanese Public Pension Benefits},
   journal = {American Economic Journal-Applied Economics},
   volume = {3},
   number = {4},
   pages = {86-118},
   ISSN = {1945-7782},
   DOI = {10.1257/app.3.4.86},
   url = {<Go to ISI>://WOS:000295626200004
https://pubs.aeaweb.org/doi/pdfplus/10.1257/app.3.4.86},
   note={internal-pdf://0795877030/Stephens-2011-The Consumption Response to Seas.pdf},
   year = {2011},
   type = {Journal Article}
}

@article{RN238,
   author = {Stoyanov, A. and Zubanov, N.},
   title = {Productivity Spillovers Across Firms through Worker Mobility},
   journal = {American Economic Journal-Applied Economics},
   volume = {4},
   number = {2},
   pages = {168-198},
   ISSN = {1945-7782},
   DOI = {10.1257/app.4.2.168},
   url = {<Go to ISI>://WOS:000302788500006
https://pubs.aeaweb.org/doi/pdfplus/10.1257/app.4.2.168},
   note={internal-pdf://1224293955/Stoyanov-2012-Productivity Spillovers Across F.pdf},
   year = {2012},
   type = {Journal Article}
}

@article{RN225,
   author = {Sukhtankar, S.},
   title = {Sweetening the Deal? Political Connections and Sugar Mills in India},
   journal = {American Economic Journal-Applied Economics},
   volume = {4},
   number = {3},
   pages = {43-63},
   ISSN = {1945-7782},
   DOI = {10.1257/app.4.3.43},
   url = {<Go to ISI>://WOS:000306108700003
https://pubs.aeaweb.org/doi/pdfplus/10.1257/app.4.3.43},
   note={internal-pdf://2389112866/Sukhtankar-2012-Sweetening the Deal_ Political.pdf},
   year = {2012},
   type = {Journal Article}
}

@article{RN296,
   author = {Sydnor, J.},
   title = {(Over)insuring Modest Risks},
   journal = {American Economic Journal-Applied Economics},
   volume = {2},
   number = {4},
   pages = {177-199},
   ISSN = {1945-7782},
   DOI = {10.1257/app.2.4.177},
   url = {<Go to ISI>://WOS:000284559000007
https://pubs.aeaweb.org/doi/pdfplus/10.1257/app.2.4.177},
   note={internal-pdf://2596267865/Sydnor-2010-(Over)insuring Modest Risks.pdf},
   year = {2010},
   type = {Journal Article}
}

@article{RN130,
   author = {Tarozzi, A. and Desai, J. and Johnson, K.},
   title = {The Impacts of Microcredit: Evidence from Ethiopia},
   journal = {American Economic Journal-Applied Economics},
   volume = {7},
   number = {1},
   pages = {54-89},
   ISSN = {1945-7782},
   DOI = {10.1257/app.20130475},
   url = {<Go to ISI>://WOS:000350420100003
https://pubs.aeaweb.org/doi/pdfplus/10.1257/app.20130475},
   note={internal-pdf://1520766554/Tarozzi-2015-The Impacts of Microcredit_ Evide.pdf},
   year = {2015},
   type = {Journal Article}
}

@article{RN141,
   author = {Tewari, I.},
   title = {The Distributive Impacts of Financial Development: Evidence from Mortgage Markets during US Bank Branch Deregulation},
   journal = {American Economic Journal-Applied Economics},
   volume = {6},
   number = {4},
   pages = {175-196},
   ISSN = {1945-7782},
   DOI = {10.1257/app.6.4.175},
   url = {<Go to ISI>://WOS:000343330400007
https://pubs.aeaweb.org/doi/pdfplus/10.1257/app.6.4.175},
   note={internal-pdf://0882719984/Tewari-2014-The Distributive Impacts of Financ.pdf},
   year = {2014},
   type = {Journal Article}
}

@article{RN290,
   author = {Topalova, P.},
   title = {Factor Immobility and Regional Impacts of Trade Liberalization: Evidence on Poverty from India},
   journal = {American Economic Journal-Applied Economics},
   volume = {2},
   number = {4},
   pages = {1-41},
   ISSN = {1945-7782},
   DOI = {10.1257/app.2.4.1},
   url = {<Go to ISI>://WOS:000284559000001
https://pubs.aeaweb.org/doi/pdfplus/10.1257/app.2.4.1},
   note={internal-pdf://3117305273/Topalova-2010-Factor Immobility and Regional I.pdf},
   year = {2010},
   type = {Journal Article}
}

@article{RN143,
   author = {Utar, H.},
   title = {When the Floodgates Open: "Northern" Firms' Response to Removal of Trade Quotas on Chinese Goods},
   journal = {American Economic Journal-Applied Economics},
   volume = {6},
   number = {4},
   pages = {226-250},
   ISSN = {1945-7782},
   DOI = {10.1257/app.6.4.226},
   url = {<Go to ISI>://WOS:000343330400009
https://pubs.aeaweb.org/doi/pdfplus/10.1257/app.6.4.226},
   note={internal-pdf://1330654529/Utar-2014-When the Floodgates Open_ _Northern_.pdf},
   year = {2014},
   type = {Journal Article}
}

@article{RN340,
   author = {Visaria, S.},
   title = {Legal Reform and Loan Repayment: The Microeconomic Impact of Debt Recovery Tribunals in India},
   journal = {American Economic Journal-Applied Economics},
   volume = {1},
   number = {3},
   pages = {59-81},
   ISSN = {1945-7782},
   DOI = {10.1257/app.1.3.59},
   url = {<Go to ISI>://WOS:000284558300003
https://pubs.aeaweb.org/doi/pdfplus/10.1257/app.1.3.59},
   note={internal-pdf://4084534535/Visaria-2009-Legal Reform and Loan Repayment_.pdf},
   year = {2009},
   type = {Journal Article}
}

@article{RN103,
   author = {Walters, C. R.},
   title = {Inputs in the Production of Early Childhood Human Capital: Evidence from Head Start},
   journal = {American Economic Journal-Applied Economics},
   volume = {7},
   number = {4},
   pages = {76-102},
   ISSN = {1945-7782},
   DOI = {10.1257/app.20140184},
   url = {<Go to ISI>://WOS:000366652500004
https://pubs.aeaweb.org/doi/pdfplus/10.1257/app.20140184},
   note={internal-pdf://1379859096/Walters-2015-Inputs in the Production of Early.pdf},
   year = {2015},
   type = {Journal Article}
}

@article{RN189,
   author = {Wang, S. Y.},
   title = {Marriage Networks, Nepotism, and Labor Market Outcomes in China},
   journal = {American Economic Journal-Applied Economics},
   volume = {5},
   number = {3},
   pages = {91-112},
   ISSN = {1945-7782},
   DOI = {10.1257/app.5.3.91},
   url = {<Go to ISI>://WOS:000321251600005
https://pubs.aeaweb.org/doi/pdfplus/10.1257/app.5.3.91},
   note={internal-pdf://2484529475/Wang-2013-Marriage Networks, Nepotism, and Lab.pdf},
   year = {2013},
   type = {Journal Article}
}

@article{RN165,
   author = {Wang, Y.},
   title = {Dynamic Implications of Subjective Expectations: Evidence from Adult Smokers},
   journal = {American Economic Journal-Applied Economics},
   volume = {6},
   number = {1},
   pages = {1-37},
   ISSN = {1945-7782},
   DOI = {10.1257/app.6.1.1},
   url = {<Go to ISI>://WOS:000329292900001
https://pubs.aeaweb.org/doi/pdfplus/10.1257/app.6.1.1},
   note={internal-pdf://2008603168/Wang-2014-Dynamic Implications of Subjective E.pdf},
   year = {2014},
   type = {Journal Article}
}

@article{RN166,
   author = {Ward, C. J.},
   title = {Influenza Vaccination Campaigns: Is an Ounce of Prevention Worth a Pound of Cure?},
   journal = {American Economic Journal-Applied Economics},
   volume = {6},
   number = {1},
   pages = {38-72},
   ISSN = {1945-7782},
   DOI = {10.1257/app.6.1.38},
   url = {<Go to ISI>://WOS:000329292900002
https://pubs.aeaweb.org/doi/pdfplus/10.1257/app.6.1.38},
   note={internal-pdf://1181120658/Ward-2014-Influenza Vaccination Campaigns_ Is.pdf},
   year = {2014},
   type = {Journal Article}
}

@article{RN317,
   author = {Wisdom, J. and Downs, J. S. and Loewenstein, G.},
   title = {Promoting Healthy Choices: Information versus Convenience},
   journal = {American Economic Journal-Applied Economics},
   volume = {2},
   number = {2},
   pages = {164-178},
   ISSN = {1945-7782},
   DOI = {10.1257/app.2.2.164},
   url = {<Go to ISI>://WOS:000284558800007
https://pubs.aeaweb.org/doi/pdfplus/10.1257/app.2.2.164},
   note={internal-pdf://2816722912/Wisdom-2010-Promoting Healthy Choices_ Informa.pdf},
   year = {2010},
   type = {Journal Article}
}

@article{RN14,
   author = {Yakovlev, E.},
   title = {Demand for Alcohol Consumption in Russia and Its Implication for Mortality},
   journal = {American Economic Journal-Applied Economics},
   volume = {10},
   number = {1},
   pages = {106-149},
   ISSN = {1945-7782},
   DOI = {10.1257/app.20130170},
   url = {<Go to ISI>://WOS:000419143400004
https://pubs.aeaweb.org/doi/pdfplus/10.1257/app.20130170},
   note={internal-pdf://4242432071/Yakovlev-2018-Demand for Alcohol Consumption i.pdf},
   year = {2018},
   type = {Journal Article}
}

@article{RN96,
   author = {Zinman, J. and Zitzewitz, E.},
   title = {Wintertime for Deceptive Advertising?},
   journal = {American Economic Journal-Applied Economics},
   volume = {8},
   number = {1},
   pages = {177-192},
   ISSN = {1945-7782},
   DOI = {10.1257/app.20130346},
   url = {<Go to ISI>://WOS:000366944500007
https://pubs.aeaweb.org/doi/pdfplus/10.1257/app.20130346},
   note={internal-pdf://4026250718/Zinman-2016-Wintertime for Deceptive Advertisi.pdf},
   year = {2016},
   type = {Journal Article}
}

@article{RN127,
   author = {Zinovyeva, N. and Bagues, M.},
   title = {The Role of Connections in Academic Promotions},
   journal = {American Economic Journal-Applied Economics},
   volume = {7},
   number = {2},
   pages = {264-292},
   ISSN = {1945-7782},
   DOI = {10.1257/app.20120337},
   url = {<Go to ISI>://WOS:000351932800010
https://pubs.aeaweb.org/doi/pdfplus/10.1257/app.20120337},
   note={internal-pdf://3165068517/Zinovyeva-2015-The Role of Connections in Acad.pdf},
   year = {2015},
   type = {Journal Article}
}

