@article{RN183,
   title = {Erratum},
   journal = {Educational Evaluation and Policy Analysis},
   volume = {32},
   number = {2},
   pages = {347},
   DOI = {10.3102/0162373710375553},
   url = {http://epa.sagepub.com/cgi/content/abstract/32/2/347
http://epa.sagepub.com/content/32/2/347.full.pdf},
   note = {internal-pdf://2041036535/2010-Erratum.pdf},
   year = {2010},
   type = {Journal Article}
}

@article{RN348,
   author = {Adams, J. E. and White, W. E.},
   title = {The equity consequence of school finance reform in Kentucky},
   journal = {Educational Evaluation and Policy Analysis},
   volume = {19},
   number = {2},
   pages = {165-184},
   ISSN = {0162-3737},
   DOI = {10.3102/01623737019002165},
   url = {<Go to ISI>://WOS:A1997XE01200005},
   year = {1997},
   type = {Journal Article}
}

@article{RN185,
   author = {Addi-Raccah, Audrey and Ayalon, Hanna},
   title = {From High School to Higher Education: Curricular Policy and Postsecondary Enrollment in Israel},
   journal = {Educational Evaluation and Policy Analysis},
   volume = {30},
   number = {1},
   pages = {31-50},
   DOI = {10.3102/0162373707313775},
   url = {http://epa.sagepub.com/cgi/content/abstract/30/1/31
http://epa.sagepub.com/content/30/1/31.full.pdf},
   note = {internal-pdf://3029647126/Addi-Raccah-2008-From High School to Higher Ed.pdf},
   year = {2008},
   type = {Journal Article}
}

@article{RN258,
   author = {Alexander, K. L. and Entwisle, D. R. and Olson, L. S.},
   title = {Schools, achievement, and inequality: A seasonal perspective},
   journal = {Educational Evaluation and Policy Analysis},
   volume = {23},
   number = {2},
   pages = {171-191},
   ISSN = {0162-3737},
   DOI = {10.3102/01623737023002171},
   url = {<Go to ISI>://WOS:000178223600005},
   year = {2001},
   type = {Journal Article}
}

@article{RN382,
   author = {Alkin, M. C.},
   title = {THE LEIGH-BURSTEIN-LEGACY - PREFACE},
   journal = {Educational Evaluation and Policy Analysis},
   volume = {17},
   number = {3},
   pages = {273-273},
   ISSN = {0162-3737},
   DOI = {10.3102/01623737017003273},
   url = {<Go to ISI>://WOS:A1995RW98500001},
   year = {1995},
   type = {Journal Article}
}

@article{RN131,
   author = {Allen, Chiharu S. and Chen, Qi and Willson, Victor L. and Hughes, Jan N.},
   title = {Quality of Research Design Moderates Effects of Grade Retention on Achievement: A Meta-Analytic, Multilevel Analysis},
   journal = {Educational Evaluation and Policy Analysis},
   volume = {31},
   number = {4},
   pages = {480-499},
   DOI = {10.3102/0162373709352239},
   url = {http://epa.sagepub.com/cgi/content/abstract/31/4/480
http://www.ncbi.nlm.nih.gov/pmc/articles/PMC2921809/pdf/nihms162989.pdf},
   note = {internal-pdf://1467857132/Allen-2009-Quality of Research Design Moderate.pdf},
   year = {2009},
   type = {Journal Article}
}

@article{RN186,
   author = {Allensworth, Elaine and Nomi, Takako and Montgomery, Nicholas and Lee, Valerie E.},
   title = {College Preparatory Curriculum for All: Academic Consequences of Requiring Algebra and English I for Ninth Graders in Chicago},
   journal = {Educational Evaluation and Policy Analysis},
   volume = {31},
   number = {4},
   pages = {367-391},
   DOI = {10.3102/0162373709343471},
   url = {http://epa.sagepub.com/cgi/content/abstract/31/4/367
http://epa.sagepub.com/content/31/4/367.full.pdf},
   note = {internal-pdf://1640349478/Allensworth-2009-College Preparatory Curriculu.pdf},
   year = {2009},
   type = {Journal Article}
}

@article{RN7,
   author = {Allensworth, Elaine M.},
   title = {Dropout Rates After High-Stakes Testing in Elementary School: A Study of the Contradictory Effects of Chicago’s Efforts to End Social Promotion},
   journal = {Educational Evaluation and Policy Analysis},
   volume = {27},
   number = {4},
   pages = {341-364},
   DOI = {10.3102/01623737027004341},
   url = {http://epa.sagepub.com/cgi/content/abstract/27/4/341
http://epa.sagepub.com/content/27/4/341.full.pdf},
   note = {internal-pdf://1806542540/Allensworth-2005-Dropout Rates After High-Stak.pdf},
   year = {2005},
   type = {Journal Article}
}

@article{RN84,
   author = {An, Brian P.},
   title = {The Impact of Dual Enrollment on College Degree Attainment: Do Low-SES Students Benefit?},
   journal = {Educational Evaluation and Policy Analysis},
   volume = {35},
   number = {1},
   pages = {57-75},
   DOI = {10.3102/0162373712461933},
   url = {http://epa.sagepub.com/cgi/content/abstract/35/1/57
http://epa.sagepub.com/content/35/1/57.full.pdf},
   note = {internal-pdf://4118262529/An-2013-The Impact of Dual Enrollment on Colle.pdf},
   year = {2013},
   type = {Journal Article}
}

@article{RN67,
   author = {Anzia, Sarah F. and Moe, Terry M.},
   title = {Collective Bargaining, Transfer Rights, and Disadvantaged Schools},
   journal = {Educational Evaluation and Policy Analysis},
   volume = {36},
   number = {1},
   pages = {83-111},
   DOI = {10.3102/0162373713500524},
   url = {http://epa.sagepub.com/cgi/content/abstract/36/1/83
http://epa.sagepub.com/content/36/1/83.full.pdf},
   note = {internal-pdf://0930197851/Anzia-2014-Collective Bargaining, Transfer Rig.pdf},
   year = {2014},
   type = {Journal Article}
}

@article{RN166,
   author = {Anzia, Sarah F. and Moe, Terry M.},
   title = {Focusing on Fundamentals: A Reply to Koski and Horng},
   journal = {Educational Evaluation and Policy Analysis},
   volume = {36},
   number = {1},
   pages = {120-123},
   DOI = {10.3102/0162373713518661},
   url = {http://epa.sagepub.com/cgi/content/short/36/1/120
http://epa.sagepub.com/content/36/1/120.full.pdf},
   note = {internal-pdf://1932639491/Anzia-2014-Focusing on Fundamentals_ A Reply t.pdf},
   year = {2014},
   type = {Journal Article}
}

@article{RN20,
   author = {Attewell, Paul and Domina, Thurston},
   title = {Raising the Bar: Curricular Intensity and Academic Performance},
   journal = {Educational Evaluation and Policy Analysis},
   volume = {30},
   number = {1},
   pages = {51-71},
   DOI = {10.3102/0162373707313409},
   url = {http://epa.sagepub.com/cgi/content/abstract/30/1/51
http://epa.sagepub.com/content/30/1/51.full.pdf},
   note = {internal-pdf://2389551374/Attewell-2008-Raising the Bar_ Curricular Inte.pdf},
   year = {2008},
   type = {Journal Article}
}

@article{RN81,
   author = {Attewell, Paul and Heil, Scott and Reisel, Liza},
   title = {What Is Academic Momentum? And Does It Matter?},
   journal = {Educational Evaluation and Policy Analysis},
   volume = {34},
   number = {1},
   pages = {27-44},
   DOI = {10.3102/0162373711421958},
   url = {http://epa.sagepub.com/cgi/content/abstract/34/1/27
http://epa.sagepub.com/content/34/1/27.full.pdf},
   note = {internal-pdf://2635903667/Attewell-2012-What Is Academic Momentum_ And D.pdf},
   year = {2012},
   type = {Journal Article}
}

@article{RN245,
   author = {Ayalon, H.},
   title = {Mathematics and sciences course taking among Arab students in Israel: A case of unexpected gender equality},
   journal = {Educational Evaluation and Policy Analysis},
   volume = {24},
   number = {1},
   pages = {63-80},
   ISSN = {0162-3737},
   DOI = {10.3102/01623737024001063},
   url = {<Go to ISI>://WOS:000178224100004},
   year = {2002},
   type = {Journal Article}
}

@article{RN336,
   author = {Ayalon, H. and Yogev, A.},
   title = {Students, schools, and enrollment in science and humanity courses in Israeli secondary education},
   journal = {Educational Evaluation and Policy Analysis},
   volume = {19},
   number = {4},
   pages = {339-353},
   ISSN = {0162-3737},
   url = {<Go to ISI>://WOS:000072404500006},
   year = {1997},
   type = {Journal Article}
}

@article{RN53,
   author = {Bacolod, Marigee},
   title = {Acknowledgements
Who Teaches and Where They Choose to Teach: College Graduates of the 1990s},
   journal = {Educational Evaluation and Policy Analysis},
   volume = {29},
   number = {4},
   pages = {353-355},
   DOI = {10.3102/0162373707310321
10.3102/0162373707305586},
   url = {http://epa.sagepub.com/cgi/content/short/29/4/353
http://epa.sagepub.com/cgi/content/abstract/29/3/155
http://epa.sagepub.com/content/29/4/353.full.pdf},
   note = {internal-pdf://2435624869/Bacolod-2007-Acknowledgements.pdf},
   year = {2007},
   type = {Journal Article}
}

@article{RN282,
   author = {Bailey, T. and Hughes, K. and Barr, T.},
   title = {Achieving scale and quality in school-to-work internships: Findings from two employer surveys},
   journal = {Educational Evaluation and Policy Analysis},
   volume = {22},
   number = {1},
   pages = {41-64},
   ISSN = {0162-3737},
   DOI = {10.3102/01623737022001041},
   url = {<Go to ISI>://WOS:000086310300003},
   year = {2000},
   type = {Journal Article}
}

@article{RN233,
   author = {Bailey, T. and Weininger, E. B.},
   title = {Performance, graduation, and transfer of immigrants and natives in City University of New York community colleges},
   journal = {Educational Evaluation and Policy Analysis},
   volume = {24},
   number = {4},
   pages = {359-377},
   ISSN = {0162-3737},
   DOI = {10.3102/01623737024004359},
   url = {<Go to ISI>://WOS:000182629300005},
   year = {2002},
   type = {Journal Article}
}

@article{RN204,
   author = {Baker, B. A. and Friedman-Nimz, R.},
   title = {State policies and equal opportunity: The example of gifted education},
   journal = {Educational Evaluation and Policy Analysis},
   volume = {26},
   number = {1},
   pages = {39-64},
   ISSN = {0162-3737},
   DOI = {10.3102/01623737026001039},
   url = {<Go to ISI>://WOS:000222558700003},
   year = {2004},
   type = {Journal Article}
}

@article{RN251,
   author = {Baker, B. D.},
   title = {Gifted children in the current policy and fiscal context of public education: A national snapshot and state-level equity analysis of Texas},
   journal = {Educational Evaluation and Policy Analysis},
   volume = {23},
   number = {3},
   pages = {229-250},
   ISSN = {0162-3737},
   DOI = {10.3102/01623737023003229},
   url = {<Go to ISI>://WOS:000178223800002},
   year = {2001},
   type = {Journal Article}
}

@article{RN259,
   author = {Baker, D. P. and Akiba, M. and LeTendre, G. K. and Wiseman, A. W.},
   title = {Worldwide shadow education: Outside-school learning, institutional quality of schooling, and cross-national mathematics achievement},
   journal = {Educational Evaluation and Policy Analysis},
   volume = {23},
   number = {1},
   pages = {1-17},
   ISSN = {0162-3737},
   DOI = {10.3102/01623737023001001},
   url = {<Go to ISI>://WOS:000178223300001},
   year = {2001},
   type = {Journal Article}
}

@article{RN180,
   author = {Bali, Valentina A. and Anagnostopoulos, Dorothea and Roberts, Reginald},
   title = {Toward a Political Explanation of Grade Retention},
   journal = {Educational Evaluation and Policy Analysis},
   volume = {27},
   number = {2},
   pages = {133-155},
   DOI = {10.3102/01623737027002133},
   url = {http://epa.sagepub.com/cgi/content/abstract/27/2/133
http://epa.sagepub.com/content/27/2/133.full.pdf},
   note = {internal-pdf://0724024970/Bali-2005-Toward a Political Explanation of Gr.pdf},
   year = {2005},
   type = {Journal Article}
}

@article{RN315,
   author = {Ballou, D.},
   title = {Alternative certification: A comment},
   journal = {Educational Evaluation and Policy Analysis},
   volume = {20},
   number = {4},
   pages = {313-315},
   ISSN = {0162-3737},
   url = {<Go to ISI>://WOS:000078026600006},
   year = {1998},
   type = {Journal Article}
}

@article{RN103,
   author = {Banks, George C. and Kepes, Sven and Banks, Karen P.},
   title = {Acknowledgments
Publication Bias: The Antagonist of Meta-Analytic Reviews and Effective Policymaking},
   journal = {Educational Evaluation and Policy Analysis},
   volume = {34},
   number = {4},
   pages = {506-508},
   DOI = {10.3102/0162373712468580
10.3102/0162373712446144},
   url = {http://epa.sagepub.com/cgi/content/short/34/4/506
http://epa.sagepub.com/cgi/content/abstract/34/3/259
http://epa.sagepub.com/content/34/4/506.full.pdf},
   note = {internal-pdf://0029865377/Banks-2012-Acknowledgments.pdf},
   year = {2012},
   type = {Journal Article}
}

@article{RN137,
   author = {Bassok, Daphna and Reardon, Sean F.},
   title = {Acknowledgments
“Academic Redshirting” in Kindergarten: Prevalence, Patterns, and Implications},
   journal = {Educational Evaluation and Policy Analysis},
   volume = {35},
   number = {4},
   pages = {500-503},
   DOI = {10.3102/0162373713510126
10.3102/0162373713482764},
   url = {http://epa.sagepub.com/cgi/content/short/35/4/500
http://epa.sagepub.com/cgi/content/abstract/35/3/283
http://epa.sagepub.com/content/35/4/500.full.pdf},
   note = {internal-pdf://4278892937/Bassok-2013-Acknowledgments.pdf},
   year = {2013},
   type = {Journal Article}
}

@article{RN61,
   author = {Bastedo, Michael N. and Jaquette, Ozan},
   title = {Running in Place: Low-Income Students and the Dynamics of Higher Education Stratification},
   journal = {Educational Evaluation and Policy Analysis},
   volume = {33},
   number = {3},
   pages = {318-339},
   DOI = {10.3102/0162373711406718},
   url = {http://epa.sagepub.com/cgi/content/abstract/33/3/318
http://epa.sagepub.com/content/33/3/318.full.pdf},
   note = {internal-pdf://2253959327/Bastedo-2011-Running in Place_ Low-Income Stud.pdf},
   year = {2011},
   type = {Journal Article}
}

@article{RN399,
   author = {Bauch, P. A. and Goldring, E. B.},
   title = {PARENT INVOLVEMENT AND SCHOOL RESPONSIVENESS - FACILITATING THE HOME SCHOOL CONNECTION IN SCHOOLS OF CHOICE},
   journal = {Educational Evaluation and Policy Analysis},
   volume = {17},
   number = {1},
   pages = {1-21},
   ISSN = {0162-3737},
   url = {<Go to ISI>://WOS:A1995QM49100001},
   year = {1995},
   type = {Journal Article}
}

@article{RN380,
   author = {Beaudin, B. Q.},
   title = {Former teachers who return to public schools: District and teacher characteristics of teachers who return to the districts they left},
   journal = {Educational Evaluation and Policy Analysis},
   volume = {17},
   number = {4},
   pages = {462-475},
   ISSN = {0162-3737},
   DOI = {10.3102/01623737017004462},
   url = {<Go to ISI>://WOS:A1995TL30500004},
   year = {1995},
   type = {Journal Article}
}

@article{RN283,
   author = {Berends, M.},
   title = {Teacher-reported effects of new American school designs: Exploring relationships to teacher background and school context},
   journal = {Educational Evaluation and Policy Analysis},
   volume = {22},
   number = {1},
   pages = {65-82},
   ISSN = {0162-3737},
   DOI = {10.2307/1164308},
   url = {<Go to ISI>://WOS:000086310300004},
   year = {2000},
   type = {Journal Article}
}

@article{RN279,
   author = {Berends, M.},
   title = {Teacher-reported effects of new American school designs: Exploring relationships to teacher background and school context (vol 22, pg 65, 2000)},
   journal = {Educational Evaluation and Policy Analysis},
   volume = {22},
   number = {2},
   pages = {U2-U2},
   ISSN = {0162-3737},
   url = {<Go to ISI>://WOS:000088681100001},
   year = {2000},
   type = {Journal Article}
}

@article{RN302,
   author = {Betts, J. R. and Shkolnik, J. L.},
   title = {The behavioral effects of variations in class size: The case of math teachers},
   journal = {Educational Evaluation and Policy Analysis},
   volume = {21},
   number = {2},
   pages = {193-213},
   ISSN = {0162-3737},
   DOI = {10.3102/01623737021002193},
   url = {<Go to ISI>://WOS:000082043900008},
   year = {1999},
   type = {Journal Article}
}

@article{RN42,
   author = {Bhatt, Rachana and Koedel, Cory},
   title = {Large-Scale Evaluations of Curricular Effectiveness: The Case of Elementary Mathematics in Indiana},
   journal = {Educational Evaluation and Policy Analysis},
   volume = {34},
   number = {4},
   pages = {391-412},
   DOI = {10.3102/0162373712440040},
   url = {http://epa.sagepub.com/cgi/content/abstract/34/4/391
http://epa.sagepub.com/content/34/4/391.full.pdf},
   note = {internal-pdf://1524214670/Bhatt-2012-Large-Scale Evaluations of Curricul.pdf},
   year = {2012},
   type = {Journal Article}
}

@article{RN4,
   author = {Bifulco, Robert and Cobb, Casey D. and Bell, Courtney},
   title = {Can Interdistrict Choice Boost Student Achievement? The Case of Connecticut’s Interdistrict Magnet School Program},
   journal = {Educational Evaluation and Policy Analysis},
   volume = {31},
   number = {4},
   pages = {323-345},
   DOI = {10.3102/0162373709340917},
   url = {http://epa.sagepub.com/cgi/content/abstract/31/4/323
http://epa.sagepub.com/content/31/4/323.full.pdf},
   note = {internal-pdf://2334369374/Bifulco-2009-Can Interdistrict Choice Boost St.pdf},
   year = {2009},
   type = {Journal Article}
}

@article{RN90,
   author = {Bloom, Howard S. and Richburg-Hayes, Lashawn and Black, Alison Rebeck},
   title = {Using Covariates to Improve Precision for Studies That Randomize Schools to Evaluate Educational Interventions},
   journal = {Educational Evaluation and Policy Analysis},
   volume = {29},
   number = {1},
   pages = {30-59},
   DOI = {10.3102/0162373707299550},
   url = {http://epa.sagepub.com/cgi/content/abstract/29/1/30
http://epa.sagepub.com/content/29/1/30.full.pdf},
   note = {internal-pdf://4044534732/Bloom-2007-Using Covariates to Improve Precisi.pdf},
   year = {2007},
   type = {Journal Article}
}

@article{RN220,
   author = {Borko, H. and Wolf, S. A. and Simone, G. and Uchiyama, K. P.},
   title = {Schools in transition: Reform efforts and school capacity in Washington state},
   journal = {Educational Evaluation and Policy Analysis},
   volume = {25},
   number = {2},
   pages = {171-201},
   ISSN = {0162-3737},
   DOI = {10.3102/01623737025002171},
   url = {<Go to ISI>://WOS:000185750800003},
   year = {2003},
   type = {Journal Article}
}

@article{RN3,
   author = {Borman, Geoffrey D. and Benson, James G. and Overman, Laura},
   title = {A Randomized Field Trial of the Fast ForWord Language Computer-Based Training Program},
   journal = {Educational Evaluation and Policy Analysis},
   volume = {31},
   number = {1},
   pages = {82-106},
   DOI = {10.3102/0162373708328519},
   url = {http://epa.sagepub.com/cgi/content/abstract/31/1/82
http://epa.sagepub.com/content/31/1/82.full.pdf},
   note = {internal-pdf://1012442703/Borman-2009-A Randomized Field Trial of the Fa.pdf},
   year = {2009},
   type = {Journal Article}
}

@article{RN357,
   author = {Borman, G. D. and Dagostino, J. V.},
   title = {Title I and student achievement: A meta-analysis of federal evaluation results},
   journal = {Educational Evaluation and Policy Analysis},
   volume = {18},
   number = {4},
   pages = {309-326},
   ISSN = {0162-3737},
   url = {<Go to ISI>://WOS:A1996VY25000003},
   year = {1996},
   type = {Journal Article}
}

@article{RN82,
   author = {Borman, Geoffrey D. and Dowling, N. Maritza},
   title = {Longitudinal Achievement Effects of Multiyear Summer School: Evidence From the Teach Baltimore Randomized Field Trial},
   journal = {Educational Evaluation and Policy Analysis},
   volume = {28},
   number = {1},
   pages = {25-48},
   DOI = {10.3102/01623737028001025},
   url = {http://epa.sagepub.com/cgi/content/abstract/28/1/25
http://epa.sagepub.com/content/28/1/25.full.pdf},
   note = {internal-pdf://4164596418/Borman-2006-Longitudinal Achievement Effects o.pdf},
   year = {2006},
   type = {Journal Article}
}

@article{RN155,
   author = {Borman, Geoffrey D. and Dowling, N. Maritza and Schneck, Carrie},
   title = {A Multisite Cluster Randomized Field Trial of Open Court Reading},
   journal = {Educational Evaluation and Policy Analysis},
   volume = {30},
   number = {4},
   pages = {389-407},
   DOI = {10.3102/0162373708326283},
   url = {http://epa.sagepub.com/cgi/content/abstract/30/4/389
http://epa.sagepub.com/content/30/4/389.full.pdf},
   note = {internal-pdf://0346471355/Borman-2008-A Multisite Cluster Randomized Fie.pdf},
   year = {2008},
   type = {Journal Article}
}

@article{RN229,
   author = {Borman, G. D. and Hewes, G. M.},
   title = {The long-term effects and cost-effectiveness of success for all},
   journal = {Educational Evaluation and Policy Analysis},
   volume = {24},
   number = {4},
   pages = {243-266},
   ISSN = {0162-3737},
   DOI = {10.3102/01623737024004243},
   url = {<Go to ISI>://WOS:000182629300001},
   year = {2002},
   type = {Journal Article}
}

@article{RN14,
   author = {Borman, Geoffrey D. and Slavin, Robert E. and Cheung, Alan and Chamberlain, Anne M. and Madden, Nancy A. and Chambers, Bette},
   title = {Success for All: First-Year Results From the National Randomized Field Trial},
   journal = {Educational Evaluation and Policy Analysis},
   volume = {27},
   number = {1},
   pages = {1-22},
   DOI = {10.3102/01623737027001001},
   url = {http://epa.sagepub.com/cgi/content/abstract/27/1/1
http://epa.sagepub.com/content/27/1/1.full.pdf},
   note = {internal-pdf://1634314244/Borman-2005-Success for All_ First-Year Result.pdf},
   year = {2005},
   type = {Journal Article}
}

@article{RN1,
   author = {Boyd, Donald and Grossman, Pam L. and Hammerness, Karen and Lankford, R. Hamilton and Loeb, Susanna and McDonald, Morva and Reininger, Michelle and Ronfeldt, Matthew and Wyckoff, James},
   title = {Surveying the Landscape of Teacher Education in New York City: Constrained Variation and the Challenge of Innovation},
   journal = {Educational Evaluation and Policy Analysis},
   volume = {30},
   number = {4},
   pages = {319-343},
   DOI = {10.3102/0162373708322737},
   url = {http://epa.sagepub.com/cgi/content/abstract/30/4/319
http://epa.sagepub.com/content/30/4/319.full.pdf},
   note = {internal-pdf://0973186561/Boyd-2008-Surveying the Landscape of Teacher E.pdf},
   year = {2008},
   type = {Journal Article}
}

@article{RN121,
   author = {Boyd, Donald J. and Grossman, Pamela L. and Lankford, Hamilton and Loeb, Susanna and Wyckoff, James},
   title = {Teacher Preparation and Student Achievement},
   journal = {Educational Evaluation and Policy Analysis},
   volume = {31},
   number = {4},
   pages = {416-440},
   DOI = {10.3102/0162373709353129},
   url = {http://epa.sagepub.com/cgi/content/abstract/31/4/416
http://epa.sagepub.com/content/31/4/416
http://epa.sagepub.com/content/31/4/416.full.pdf},
   note = {internal-pdf://1277212674/Boyd-2009-Teacher Preparation and Student Achi.pdf},
   year = {2009},
   type = {Journal Article}
}

@article{RN48,
   author = {Bozick, Robert and Dalton, Benjamin},
   title = {Balancing Career and Technical Education With Academic Coursework: The Consequences for Mathematics Achievement in High School},
   journal = {Educational Evaluation and Policy Analysis},
   volume = {35},
   number = {2},
   pages = {123-138},
   DOI = {10.3102/0162373712453870},
   url = {http://epa.sagepub.com/cgi/content/abstract/35/2/123
http://epa.sagepub.com/content/35/2/123.full.pdf},
   note = {internal-pdf://0858238057/Bozick-2013-Balancing Career and Technical Edu.pdf},
   year = {2013},
   type = {Journal Article}
}

@article{RN37,
   author = {Braun, Henry and Zhang, Jinming and Vezzu, Sailesh},
   title = {An Investigation of Bias in Reports of the National Assessment of Educational Progress},
   journal = {Educational Evaluation and Policy Analysis},
   volume = {32},
   number = {1},
   pages = {24-43},
   DOI = {10.3102/0162373709351137},
   url = {http://epa.sagepub.com/cgi/content/abstract/32/1/24
http://epa.sagepub.com/content/32/1/24.full.pdf},
   note = {internal-pdf://3322587890/Braun-2010-An Investigation of Bias in Reports.pdf},
   year = {2010},
   type = {Journal Article}
}

@article{RN44,
   author = {Brewer, Dominic J. and Fuller, Bruce and Loeb, Susanna},
   title = {Erratum
Editors’ Introduction},
   journal = {Educational Evaluation and Policy Analysis},
   volume = {32},
   number = {2},
   pages = {347},
   DOI = {10.3102/0162373710375553
10.3102/0162373709356529},
   url = {http://epa.sagepub.com/cgi/content/abstract/32/2/347
http://epa.sagepub.com/cgi/content/short/32/1/3
http://epa.sagepub.com/content/32/2/347.full.pdf},
   note = {internal-pdf://0796109851/Brewer-2010-Erratum.pdf},
   year = {2010},
   type = {Journal Article}
}

@article{RN289,
   author = {Brewer, D. J. and Gray, M. J.},
   title = {Do faculty connect school to work? Evidence from community colleges},
   journal = {Educational Evaluation and Policy Analysis},
   volume = {21},
   number = {4},
   pages = {405-416},
   ISSN = {0162-3737},
   DOI = {10.3102/01623737021004405},
   url = {<Go to ISI>://WOS:000085247000004},
   year = {1999},
   type = {Journal Article}
}

@article{RN301,
   author = {Brewer, D. J. and Krop, C. and Gill, B. P. and Reichardt, R.},
   title = {Estimating the cost of national class size reductions under different policy alternatives},
   journal = {Educational Evaluation and Policy Analysis},
   volume = {21},
   number = {2},
   pages = {179-192},
   ISSN = {0162-3737},
   DOI = {10.3102/01623737021002179},
   url = {<Go to ISI>://WOS:000082043900007},
   year = {1999},
   type = {Journal Article}
}

@article{RN354,
   author = {Brown, J. H. and DemidioCaston, M. and Pollard, J. A.},
   title = {Students and substances: Social power in drug education},
   journal = {Educational Evaluation and Policy Analysis},
   volume = {19},
   number = {1},
   pages = {65-82},
   ISSN = {0162-3737},
   url = {<Go to ISI>://WOS:A1997WN50100005},
   year = {1997},
   type = {Journal Article}
}

@article{RN19,
   author = {Buckley, Jack and Schneider, Mark},
   title = {Are Charter School Students Harder to Educate? Evidence From Washington, D.C},
   journal = {Educational Evaluation and Policy Analysis},
   volume = {27},
   number = {4},
   pages = {365-380},
   DOI = {10.3102/01623737027004365},
   url = {http://epa.sagepub.com/cgi/content/abstract/27/4/365
http://epa.sagepub.com/content/27/4/365.full.pdf},
   note = {internal-pdf://0680569024/Buckley-2005-Are Charter School Students Harde.pdf},
   year = {2005},
   type = {Journal Article}
}

@article{RN330,
   author = {Bullock, C. D. and DeStefano, L.},
   title = {A study of the utility of results from the 1992 Trial State Assessment (TSA) in reading for state-level administrators of assessment},
   journal = {Educational Evaluation and Policy Analysis},
   volume = {20},
   number = {1},
   pages = {47-51},
   ISSN = {0162-3737},
   url = {<Go to ISI>://WOS:000073447000004},
   year = {1998},
   type = {Journal Article}
}

@article{RN237,
   author = {Buly, M. R. and Valencia, S. W.},
   title = {Below the bar: Profiles of students who fail state reading assessments},
   journal = {Educational Evaluation and Policy Analysis},
   volume = {24},
   number = {3},
   pages = {219-239},
   ISSN = {0162-3737},
   DOI = {10.3102/01623737024003219},
   url = {<Go to ISI>://WOS:000180508300004},
   year = {2002},
   type = {Journal Article}
}

@article{RN156,
   author = {Burch, Patricia and Steinberg, Matthew and Donovan, Joseph},
   title = {Supplemental Educational Services and NCLB: Policy Assumptions, Market Practices, Emerging Issues},
   journal = {Educational Evaluation and Policy Analysis},
   volume = {29},
   number = {2},
   pages = {115-133},
   DOI = {10.3102/0162373707302035},
   url = {http://epa.sagepub.com/cgi/content/abstract/29/2/115
http://epa.sagepub.com/content/29/2/115.full.pdf},
   note = {internal-pdf://2670771162/Burch-2007-Supplemental Educational Services a.pdf},
   year = {2007},
   type = {Journal Article}
}

@article{RN16,
   author = {Butcher, Kristin F. and Visher, Mary G.},
   title = {The Impact of a Classroom-Based Guidance Program on Student Performance in Community College Math Classes},
   journal = {Educational Evaluation and Policy Analysis},
   volume = {35},
   number = {3},
   pages = {298-323},
   DOI = {10.3102/0162373713485813},
   url = {http://epa.sagepub.com/cgi/content/abstract/35/3/298
http://epa.sagepub.com/content/35/3/298.full.pdf},
   note = {internal-pdf://3275139154/Butcher-2013-The Impact of a Classroom-Based G.pdf},
   year = {2013},
   type = {Journal Article}
}

@article{RN54,
   author = {Calcagno, Juan Carlos and Crosta, Peter and Bailey, Thomas and Jenkins, Davis},
   title = {Does Age of Entrance Affect Community College Completion Probabilities? Evidence From a Discrete-Time Hazard Model},
   journal = {Educational Evaluation and Policy Analysis},
   volume = {29},
   number = {3},
   pages = {218-235},
   DOI = {10.3102/0162373707306026},
   url = {http://epa.sagepub.com/cgi/content/abstract/29/3/218
http://epa.sagepub.com/content/29/3/218.full.pdf},
   note = {internal-pdf://2359734197/Calcagno-2007-Does Age of Entrance Affect Comm.pdf},
   year = {2007},
   type = {Journal Article}
}

@article{RN43,
   author = {Callahan, Rebecca and Wilkinson, Lindsey and Muller, Chandra},
   title = {Academic Achievement and Course Taking Among Language Minority Youth in U.S. Schools: Effects of ESL Placement},
   journal = {Educational Evaluation and Policy Analysis},
   volume = {32},
   number = {1},
   pages = {84-117},
   DOI = {10.3102/0162373709359805},
   url = {http://epa.sagepub.com/cgi/content/abstract/32/1/84
http://www.ncbi.nlm.nih.gov/pmc/articles/PMC4244003/pdf/nihms578921.pdf},
   note = {internal-pdf://3588860893/Callahan-2010-Academic Achievement and Course.pdf},
   year = {2010},
   type = {Journal Article}
}

@article{RN207,
   author = {Camburn, E. and Rowan, B. and Taylor, J. E.},
   title = {Distributed leadership in schools: The case of elementary schools adopting comprehensive school reform models},
   journal = {Educational Evaluation and Policy Analysis},
   volume = {25},
   number = {4},
   pages = {347-373},
   ISSN = {0162-3737},
   DOI = {10.3102/01623737025004347},
   url = {<Go to ISI>://WOS:000220893300002},
   year = {2003},
   type = {Journal Article}
}

@article{RN36,
   author = {Carlson, Deven and Borman, Geoffrey D. and Robinson, Michelle},
   title = {A Multistate District-Level Cluster Randomized Trial of the Impact of Data-Driven Reform on Reading and Mathematics Achievement},
   journal = {Educational Evaluation and Policy Analysis},
   volume = {33},
   number = {3},
   pages = {378-398},
   DOI = {10.3102/0162373711412765},
   url = {http://epa.sagepub.com/cgi/content/abstract/33/3/378
http://epa.sagepub.com/content/33/3/378.full.pdf},
   note = {internal-pdf://0651930292/Carlson-2011-A Multistate District-Level Clust.pdf},
   year = {2011},
   type = {Journal Article}
}

@article{RN143,
   author = {Carlson, Deven and Cowen, Joshua M. and Fleming, David J.},
   title = {Life After Vouchers: What Happens to Students Who Leave Private Schools for the Traditional Public Sector?},
   journal = {Educational Evaluation and Policy Analysis},
   volume = {35},
   number = {2},
   pages = {179-199},
   DOI = {10.3102/0162373712461852},
   url = {http://epa.sagepub.com/cgi/content/abstract/35/2/179
http://epa.sagepub.com/content/35/2/179.full.pdf},
   note = {internal-pdf://1953479158/Carlson-2013-Life After Vouchers_ What Happens.pdf},
   year = {2013},
   type = {Journal Article}
}

@article{RN22,
   author = {Carlson, Deven and Lavery, Lesley and Witte, John F.},
   title = {The Determinants of Interdistrict Open Enrollment Flows: Evidence From Two States},
   journal = {Educational Evaluation and Policy Analysis},
   volume = {33},
   number = {1},
   pages = {76-94},
   DOI = {10.3102/0162373710388643},
   url = {http://epa.sagepub.com/cgi/content/abstract/33/1/76
http://epa.sagepub.com/content/33/1/76.full.pdf},
   note = {internal-pdf://0974563660/Carlson-2011-The Determinants of Interdistrict.pdf},
   year = {2011},
   type = {Journal Article}
}

@article{RN337,
   author = {Carmichael, P. H.},
   title = {Who receives federal title I assistance? Examination of program funding by school poverty rate in New York State},
   journal = {Educational Evaluation and Policy Analysis},
   volume = {19},
   number = {4},
   pages = {354-359},
   ISSN = {0162-3737},
   url = {<Go to ISI>://WOS:000072404500007},
   year = {1997},
   type = {Journal Article}
}

@article{RN231,
   author = {Carnoy, M. and Loeb, S.},
   title = {Does external accountability affect student outcomes? A cross-state analysis},
   journal = {Educational Evaluation and Policy Analysis},
   volume = {24},
   number = {4},
   pages = {305-331},
   ISSN = {0162-3737},
   DOI = {10.3102/01623737024004305},
   url = {<Go to ISI>://WOS:000182629300003},
   year = {2002},
   type = {Journal Article}
}

@article{RN39,
   author = {Carter, Frances D. and Mandell, Marvin and Maton, Kenneth I.},
   title = {The Influence of On-Campus, Academic Year Undergraduate Research on STEM Ph.D. Outcomes: Evidence From the Meyerhoff Scholarship Program},
   journal = {Educational Evaluation and Policy Analysis},
   volume = {31},
   number = {4},
   pages = {441-462},
   DOI = {10.3102/0162373709348584},
   url = {http://epa.sagepub.com/cgi/content/abstract/31/4/441
http://epa.sagepub.com/content/31/4/441.full.pdf},
   note = {internal-pdf://0693021489/Carter-2009-The Influence of On-Campus, Academ.pdf},
   year = {2009},
   type = {Journal Article}
}

@article{RN331,
   author = {Catterall, J. S.},
   title = {Special section: Economic analysis of education policy - Reflections on economic analysis and education policy: Introduction},
   journal = {Educational Evaluation and Policy Analysis},
   volume = {19},
   number = {4},
   pages = {297-299},
   ISSN = {0162-3737},
   DOI = {10.3102/01623737019004297},
   url = {<Go to ISI>://WOS:000072404500001},
   year = {1997},
   type = {Journal Article}
}

@article{RN340,
   author = {Chaney, B. and Burgdorf, K. and Atash, N.},
   title = {Influencing achievement through high school graduation requirements},
   journal = {Educational Evaluation and Policy Analysis},
   volume = {19},
   number = {3},
   pages = {229-244},
   ISSN = {0162-3737},
   url = {<Go to ISI>://WOS:A1997XY42600002},
   year = {1997},
   type = {Journal Article}
}

@article{RN320,
   author = {Chaney, B. and Muraskin, L. D. and Cahalan, M. W. and Goodwin, D.},
   title = {Helping the progress of disadvantaged students in higher education: The federal Student Support Services program},
   journal = {Educational Evaluation and Policy Analysis},
   volume = {20},
   number = {3},
   pages = {197-215},
   ISSN = {0162-3737},
   DOI = {10.3102/01623737020003197},
   url = {<Go to ISI>://WOS:000076236700004},
   year = {1998},
   type = {Journal Article}
}

@article{RN257,
   author = {Coburn, C. E.},
   title = {Collective sensemaking about reading: How teachers mediate reading policy in their professional communities},
   journal = {Educational Evaluation and Policy Analysis},
   volume = {23},
   number = {2},
   pages = {145-170},
   ISSN = {0162-3737},
   DOI = {10.3102/01623737023002145},
   url = {<Go to ISI>://WOS:000178223600004},
   year = {2001},
   type = {Journal Article}
}

@article{RN132,
   author = {Coburn, Cynthia E.},
   title = {The Role of Nonsystem Actors in the Relationship Between Policy and Practice: The Case of Reading Instruction in California},
   journal = {Educational Evaluation and Policy Analysis},
   volume = {27},
   number = {1},
   pages = {23-52},
   DOI = {10.3102/01623737027001023},
   url = {http://epa.sagepub.com/cgi/content/abstract/27/1/23
http://epa.sagepub.com/content/27/1/23.full.pdf},
   note = {internal-pdf://0206616844/Coburn-2005-The Role of Nonsystem Actors in th.pdf},
   year = {2005},
   type = {Journal Article}
}

@article{RN188,
   author = {Coburn, Cynthia E. and Russell, Jennifer Lin},
   title = {Acknowledgements
District Policy and Teachers’ Social Networks},
   journal = {Educational Evaluation and Policy Analysis},
   volume = {30},
   number = {4},
   pages = {408-410},
   DOI = {10.3102/0162373708328361
10.3102/0162373708321829},
   url = {http://epa.sagepub.com/cgi/content/short/30/4/408
http://epa.sagepub.com/cgi/content/abstract/30/3/203
http://epa.sagepub.com/content/30/4/408.full.pdf},
   note = {internal-pdf://0815120197/Coburn-2008-Acknowledgements.pdf},
   year = {2008},
   type = {Journal Article}
}

@article{RN247,
   author = {Cogan, L. S. and Schmidt, W. H. and Wiley, D. E.},
   title = {Who takes what math and in which track? Using TIMSS to characterize US students' eighth-grade mathematics learning opportunities},
   journal = {Educational Evaluation and Policy Analysis},
   volume = {23},
   number = {4},
   pages = {323-341},
   ISSN = {0162-3737},
   DOI = {10.3102/01623737023004323},
   url = {<Go to ISI>://WOS:000178224000002},
   year = {2001},
   type = {Journal Article}
}

@article{RN218,
   author = {Cohen, D. K. and Raudenbush, S. W. and Ball, D. L.},
   title = {Resources, instruction, and research},
   journal = {Educational Evaluation and Policy Analysis},
   volume = {25},
   number = {2},
   pages = {119-142},
   ISSN = {0162-3737},
   DOI = {10.3102/01623737025002119},
   url = {<Go to ISI>://WOS:000185750800001},
   year = {2003},
   type = {Journal Article}
}

@article{RN107,
   author = {Cohen-Vogel, Lora},
   title = {“Staffing to the Test”: Are Today’s School Personnel Practices Evidence Based?},
   journal = {Educational Evaluation and Policy Analysis},
   volume = {33},
   number = {4},
   pages = {483-505},
   DOI = {10.3102/0162373711419845},
   url = {http://epa.sagepub.com/cgi/content/abstract/33/4/483
http://epa.sagepub.com/content/33/4/483.full.pdf},
   note = {internal-pdf://3344610877/Cohen-Vogel-2011-“Staffing to the Test”_ Are T.pdf},
   year = {2011},
   type = {Journal Article}
}

@article{RN11,
   author = {Cohen-Vogel, Lora and Feng, Li and Osborne-Lampkin, La’Tara},
   title = {Seniority Provisions in Collective Bargaining Agreements and the “Teacher Quality Gap”},
   journal = {Educational Evaluation and Policy Analysis},
   volume = {35},
   number = {3},
   pages = {324-343},
   DOI = {10.3102/0162373713482765},
   url = {http://epa.sagepub.com/cgi/content/abstract/35/3/324
http://epa.sagepub.com/content/35/3/324.full.pdf},
   note = {internal-pdf://3928794984/Cohen-Vogel-2013-Seniority Provisions in Colle.pdf},
   year = {2013},
   type = {Journal Article}
}

@article{RN163,
   author = {Confrey, Jere},
   title = {Comparing and Contrasting the National Research Council Report On Evaluating Curricular Effectiveness With the What Works Clearinghouse Approach},
   journal = {Educational Evaluation and Policy Analysis},
   volume = {28},
   number = {3},
   pages = {195-213},
   DOI = {10.3102/01623737028003195},
   url = {http://epa.sagepub.com/cgi/content/abstract/28/3/195
http://epa.sagepub.com/content/28/3/195.full.pdf},
   note = {internal-pdf://0876592262/Confrey-2006-Comparing and Contrasting the Nat.pdf},
   year = {2006},
   type = {Journal Article}
}

@article{RN6,
   author = {Conger, Dylan},
   title = {Within-School Segregation in an Urban School District},
   journal = {Educational Evaluation and Policy Analysis},
   volume = {27},
   number = {3},
   pages = {225-244},
   DOI = {10.3102/01623737027003225},
   url = {http://epa.sagepub.com/cgi/content/abstract/27/3/225
http://epa.sagepub.com/content/27/3/225.full.pdf},
   note = {internal-pdf://3473909405/Conger-2005-Within-School Segregation in an Ur.pdf},
   year = {2005},
   type = {Journal Article}
}

@article{RN100,
   author = {Conger, Dylan},
   title = {The Effect of Grade Placement on English Language Learners’ Academic Achievement},
   journal = {Educational Evaluation and Policy Analysis},
   volume = {35},
   number = {4},
   pages = {395-412},
   DOI = {10.3102/0162373713493315},
   url = {http://epa.sagepub.com/cgi/content/abstract/35/4/395
http://epa.sagepub.com/content/35/4/395.full.pdf},
   note = {internal-pdf://1727116611/Conger-2013-The Effect of Grade Placement on E.pdf},
   year = {2013},
   type = {Journal Article}
}

@article{RN396,
   author = {Conley, S. and Odden, A.},
   title = {LINKING TEACHER COMPENSATION TO TEACHER CAREER-DEVELOPMENT},
   journal = {Educational Evaluation and Policy Analysis},
   volume = {17},
   number = {2},
   pages = {219-237},
   ISSN = {0162-3737},
   DOI = {10.3102/01623737017002219},
   url = {<Go to ISI>://WOS:A1995RD34200006},
   year = {1995},
   type = {Journal Article}
}

@article{RN227,
   author = {Conyers, L. M. and Reynolds, A. J. and Ou, S. R.},
   title = {The effect of early childhood intervention and subsequent special education services: Findings from the Chicago Child-Parent Centers},
   journal = {Educational Evaluation and Policy Analysis},
   volume = {25},
   number = {1},
   pages = {75-95},
   ISSN = {0162-3737},
   DOI = {10.3102/01623737025001075},
   url = {<Go to ISI>://WOS:000184120400004},
   year = {2003},
   type = {Journal Article}
}

@article{RN235,
   author = {Cook, T. D.},
   title = {Randomized experiments in educational policy research: A critical examination of the reasons the educational evaluation community has offered for not doing them},
   journal = {Educational Evaluation and Policy Analysis},
   volume = {24},
   number = {3},
   pages = {175-199},
   ISSN = {0162-3737},
   DOI = {10.3102/01623737024003175},
   url = {<Go to ISI>://WOS:000180508300002},
   year = {2002},
   type = {Journal Article}
}

@article{RN32,
   author = {Cooke, Thomas J. and Boyle, Paul},
   title = {The Migration of High School Graduates to College},
   journal = {Educational Evaluation and Policy Analysis},
   volume = {33},
   number = {2},
   pages = {202-213},
   DOI = {10.3102/0162373711399092},
   url = {http://epa.sagepub.com/cgi/content/abstract/33/2/202
http://epa.sagepub.com/content/33/2/202.full.pdf},
   note = {internal-pdf://0944089639/Cooke-2011-The Migration of High School Gradua.pdf},
   year = {2011},
   type = {Journal Article}
}

@article{RN208,
   author = {Copland, M. A.},
   title = {Leadership of inquiry: Building and sustaining capacity for school improvement},
   journal = {Educational Evaluation and Policy Analysis},
   volume = {25},
   number = {4},
   pages = {375-395},
   ISSN = {0162-3737},
   DOI = {10.3102/01623737025004375},
   url = {<Go to ISI>://WOS:000220893300003},
   year = {2003},
   type = {Journal Article}
}

@article{RN60,
   author = {Corcoran, Sean P. and Schwartz, Amy Ellen and Weinstein, Meryle},
   title = {Training Your Own: The Impact of New York City’s Aspiring Principals Program on Student Achievement},
   journal = {Educational Evaluation and Policy Analysis},
   volume = {34},
   number = {2},
   pages = {232-253},
   DOI = {10.3102/0162373712437206},
   url = {http://epa.sagepub.com/cgi/content/abstract/34/2/232
http://epa.sagepub.com/content/34/2/232.full.pdf},
   note = {internal-pdf://0005091472/Corcoran-2012-Training Your Own_ The Impact of.pdf},
   year = {2012},
   type = {Journal Article}
}

@article{RN161,
   author = {Corey, Douglas Lyman and Phelps, Geoffrey and Ball, Deborah Loewenberg and Demonte, Jenny and Harrison, Delena},
   title = {Explaining Variation in Instructional Time: An Application of Quantile Regression},
   journal = {Educational Evaluation and Policy Analysis},
   volume = {34},
   number = {2},
   pages = {146-163},
   DOI = {10.3102/0162373711431098},
   url = {http://epa.sagepub.com/cgi/content/abstract/34/2/146
http://epa.sagepub.com/content/34/2/146.full.pdf},
   note = {internal-pdf://2969418839/Corey-2012-Explaining Variation in Instruction.pdf},
   year = {2012},
   type = {Journal Article}
}

@article{RN2,
   author = {Correnti, Richard},
   title = {An Empirical Investigation of Professional Development Effects on Literacy Instruction Using Daily Logs},
   journal = {Educational Evaluation and Policy Analysis},
   volume = {29},
   number = {4},
   pages = {262-295},
   DOI = {10.3102/0162373707309074},
   url = {http://epa.sagepub.com/cgi/content/abstract/29/4/262
http://epa.sagepub.com/content/29/4/262.full.pdf},
   note = {internal-pdf://2766841345/Correnti-2007-An Empirical Investigation of Pr.pdf},
   year = {2007},
   type = {Journal Article}
}

@article{RN362,
   author = {Cousins, J. B. and Simon, M.},
   title = {The nature and impact of policy-induced partnerships between research and practice communities},
   journal = {Educational Evaluation and Policy Analysis},
   volume = {18},
   number = {3},
   pages = {199-218},
   ISSN = {0162-3737},
   DOI = {10.3102/01623737018003199},
   url = {<Go to ISI>://WOS:A1996VH32300002},
   year = {1996},
   type = {Journal Article}
}

@article{RN203,
   author = {D'Agostino, J. V. and Murphy, J. A.},
   title = {A meta-analysis of reading recovery in United States schools},
   journal = {Educational Evaluation and Policy Analysis},
   volume = {26},
   number = {1},
   pages = {23-38},
   ISSN = {0162-3737},
   DOI = {10.3102/01623737026001023},
   url = {<Go to ISI>://WOS:000222558700002},
   year = {2004},
   type = {Journal Article}
}

@article{RN262,
   author = {Darling-Hammond, L. and Berry, B. and Thoreson, A.},
   title = {Does teacher certification matter? Evaluating the evidence},
   journal = {Educational Evaluation and Policy Analysis},
   volume = {23},
   number = {1},
   pages = {57-77},
   ISSN = {0162-3737},
   DOI = {10.3102/01623737023001057},
   url = {<Go to ISI>://WOS:000178223300004},
   year = {2001},
   type = {Journal Article}
}

@article{RN267,
   author = {Datnow, A.},
   title = {Power and politics in the adoption of school reform models},
   journal = {Educational Evaluation and Policy Analysis},
   volume = {22},
   number = {4},
   pages = {357-374},
   ISSN = {0162-3737},
   DOI = {10.3102/01623737022004357},
   url = {<Go to ISI>://WOS:000176277400004},
   year = {2000},
   type = {Journal Article}
}

@article{RN219,
   author = {Datnow, A. and Borman, G. D. and Stringfield, S. and Overman, L. T. and Castellano, M.},
   title = {Comprehensive school reform in culturally and linguistically diverse contexts: Implementation and outcomes from a four-year study},
   journal = {Educational Evaluation and Policy Analysis},
   volume = {25},
   number = {2},
   pages = {143-170},
   ISSN = {0162-3737},
   DOI = {10.3102/01623737025002143},
   url = {<Go to ISI>://WOS:000185750800002},
   year = {2003},
   type = {Journal Article}
}

@article{RN116,
   author = {Dee, Thomas S. and Jacob, Brian and Schwartz, Nathaniel L.},
   title = {The Effects of NCLB on School Resources and Practices},
   journal = {Educational Evaluation and Policy Analysis},
   volume = {35},
   number = {2},
   pages = {252-279},
   DOI = {10.3102/0162373712467080},
   url = {http://epa.sagepub.com/cgi/content/abstract/35/2/252
http://epa.sagepub.com/content/35/2/252.full.pdf},
   note = {internal-pdf://2932848454/Dee-2013-The Effects of NCLB on School Resourc.pdf},
   year = {2013},
   type = {Journal Article}
}

@article{RN193,
   author = {Dee, T. S. and Levine, J.},
   title = {The fate of new funding: Evidence from Massachusetts' education finance reforms},
   journal = {Educational Evaluation and Policy Analysis},
   volume = {26},
   number = {3},
   pages = {199-215},
   ISSN = {0162-3737},
   DOI = {10.3102/01623737026003199},
   url = {<Go to ISI>://WOS:000225448800001},
   year = {2004},
   type = {Journal Article}
}

@article{RN145,
   author = {Dee, Thomas S. and West, Martin R.},
   title = {The Non-Cognitive Returns to Class Size},
   journal = {Educational Evaluation and Policy Analysis},
   volume = {33},
   number = {1},
   pages = {23-46},
   DOI = {10.3102/0162373710392370},
   url = {http://epa.sagepub.com/cgi/content/abstract/33/1/23
http://epa.sagepub.com/content/33/1/23.full.pdf},
   note = {internal-pdf://0512277060/Dee-2011-The Non-Cognitive Returns to Class Si.pdf},
   year = {2011},
   type = {Journal Article}
}

@article{RN202,
   author = {Desimone, L. M. and Le Floch, K. C.},
   title = {Are we asking the right questions? Using cognitive interviews to improve surveys in education research},
   journal = {Educational Evaluation and Policy Analysis},
   volume = {26},
   number = {1},
   pages = {1-22},
   ISSN = {0162-3737},
   DOI = {10.3102/01623737026001001},
   url = {<Go to ISI>://WOS:000222558700001},
   year = {2004},
   type = {Journal Article}
}

@article{RN238,
   author = {Desimone, L. M. and Porter, A. C. and Garet, M. S. and Yoon, K. S. and Birman, B. F.},
   title = {Effects of professional development on teachers' instruction: Results from a three-year longitudinal study},
   journal = {Educational Evaluation and Policy Analysis},
   volume = {24},
   number = {2},
   pages = {81-112},
   ISSN = {0162-3737},
   DOI = {10.3102/01623737024002081},
   url = {<Go to ISI>://WOS:000178374600001},
   year = {2002},
   type = {Journal Article}
}

@article{RN5,
   author = {DesJardins, Stephen L. and McCall, Brian P. and Ott, Molly and Kim, Jiyun},
   title = {A Quasi-Experimental Investigation of How the Gates Millennium Scholars Program Is Related to College Students’ Time Use and Activities},
   journal = {Educational Evaluation and Policy Analysis},
   volume = {32},
   number = {4},
   pages = {456-475},
   DOI = {10.3102/0162373710380739},
   url = {http://epa.sagepub.com/cgi/content/abstract/32/4/456
http://epa.sagepub.com/content/32/4/456.full.pdf},
   note = {internal-pdf://1354475149/DesJardins-2010-A Quasi-Experimental Investiga.pdf},
   year = {2010},
   type = {Journal Article}
}

@article{RN111,
   author = {Dhuey, Elizabeth},
   title = {Who Benefits From Kindergarten? Evidence From the Introduction of State Subsidization},
   journal = {Educational Evaluation and Policy Analysis},
   volume = {33},
   number = {1},
   pages = {3-22},
   DOI = {10.3102/0162373711398125},
   url = {http://epa.sagepub.com/cgi/content/abstract/33/1/3
http://epa.sagepub.com/content/33/1/3.full.pdf},
   note = {internal-pdf://1486403289/Dhuey-2011-Who Benefits From Kindergarten_ Evi.pdf},
   year = {2011},
   type = {Journal Article}
}

@article{RN72,
   author = {Domina, Thurston},
   title = {Higher Education Policy as Secondary School Reform: Texas Public High Schools After Hopwood},
   journal = {Educational Evaluation and Policy Analysis},
   volume = {29},
   number = {3},
   pages = {200-217},
   DOI = {10.3102/0162373707304995},
   url = {http://epa.sagepub.com/cgi/content/abstract/29/3/200
http://epa.sagepub.com/content/29/3/200.full.pdf},
   note = {internal-pdf://2220012023/Domina-2007-Higher Education Policy as Seconda.pdf},
   year = {2007},
   type = {Journal Article}
}

@article{RN86,
   author = {Domina, Thurston},
   title = {What Works in College Outreach: Assessing Targeted and Schoolwide Interventions for Disadvantaged Students},
   journal = {Educational Evaluation and Policy Analysis},
   volume = {31},
   number = {2},
   pages = {127-152},
   DOI = {10.3102/0162373709333887},
   url = {http://epa.sagepub.com/cgi/content/abstract/31/2/127
http://epa.sagepub.com/content/31/2/127.full.pdf},
   note = {internal-pdf://3622023984/Domina-2009-What Works in College Outreach_ As.pdf},
   year = {2009},
   type = {Journal Article}
}

@article{RN168,
   author = {Domina, Thurston and Ghosh-Dastidar, Bonnie and Tienda, Marta},
   title = {Students Left Behind: Measuring 10th to 12th Grade Student Persistence Rates in Texas High Schools},
   journal = {Educational Evaluation and Policy Analysis},
   volume = {32},
   number = {2},
   pages = {324-346},
   DOI = {10.3102/0162373710367515},
   url = {http://epa.sagepub.com/cgi/content/abstract/32/2/324
http://www.ncbi.nlm.nih.gov/pmc/articles/PMC3471135/pdf/nihms-410821.pdf},
   note = {internal-pdf://2458893634/Domina-2010-Students Left Behind_ Measuring 10.pdf},
   year = {2010},
   type = {Journal Article}
}

@article{RN167,
   author = {Donaldson, Morgaen L. and Johnson, Susan Moore},
   title = {The Price of Misassignment: The Role of Teaching Assignments in Teach For America Teachers’ Exit From Low-Income Schools and the Teaching Profession},
   journal = {Educational Evaluation and Policy Analysis},
   volume = {32},
   number = {2},
   pages = {299-323},
   DOI = {10.3102/0162373710367680},
   url = {http://epa.sagepub.com/cgi/content/abstract/32/2/299
http://epa.sagepub.com/content/32/2/299.full.pdf},
   note = {internal-pdf://4231380258/Donaldson-2010-The Price of Misassignment_ The.pdf},
   year = {2010},
   type = {Journal Article}
}

@article{RN12,
   author = {Doyle, William R.},
   title = {Adoption of Merit-Based Student Grant Programs: An Event History Analysis},
   journal = {Educational Evaluation and Policy Analysis},
   volume = {28},
   number = {3},
   pages = {259-285},
   DOI = {10.3102/01623737028003259},
   url = {http://epa.sagepub.com/cgi/content/abstract/28/3/259
http://epa.sagepub.com/content/28/3/259.full.pdf},
   note = {internal-pdf://2919802759/Doyle-2006-Adoption of Merit-Based Student Gra.pdf},
   year = {2006},
   type = {Journal Article}
}

@article{RN197,
   author = {Ehrenberg, R. A. and Smith, C. L. and Zhang, L.},
   title = {Why do school district budget referenda fail?},
   journal = {Educational Evaluation and Policy Analysis},
   volume = {26},
   number = {2},
   pages = {111-125},
   ISSN = {0162-3737},
   DOI = {10.3102/01623737026002111},
   url = {<Go to ISI>://WOS:000224018000002},
   year = {2004},
   type = {Journal Article}
}

@article{RN98,
   author = {Ehrenberg, Ronald G. and Jakubson, George H. and Groen, Jeffrey A. and So, Eric and Price, Joseph},
   title = {Inside the Black Box of Doctoral Education: What Program Characteristics Influence Doctoral Students’ Attrition and Graduation Probabilities?},
   journal = {Educational Evaluation and Policy Analysis},
   volume = {29},
   number = {2},
   pages = {134-150},
   DOI = {10.3102/0162373707301707},
   url = {http://epa.sagepub.com/cgi/content/abstract/29/2/134
http://epa.sagepub.com/content/29/2/134.full.pdf},
   note = {internal-pdf://3987322085/Ehrenberg-2007-Inside the Black Box of Doctora.pdf},
   year = {2007},
   type = {Journal Article}
}

@article{RN126,
   author = {Elliott, William and Nam, Ilsung},
   title = {Direct Effects of Assets and Savings on the College Progress of Black Young Adults},
   journal = {Educational Evaluation and Policy Analysis},
   volume = {34},
   number = {1},
   pages = {89-108},
   DOI = {10.3102/0162373711425957},
   url = {http://epa.sagepub.com/cgi/content/abstract/34/1/89
http://epa.sagepub.com/content/34/1/89.full.pdf},
   note = {internal-pdf://1321711743/Elliott-2012-Direct Effects of Assets and Savi.pdf},
   year = {2012},
   type = {Journal Article}
}

@article{RN83,
   author = {Engel, Mimi and Claessens, Amy and Finch, Maida A.},
   title = {Teaching Students What They Already Know? The (Mis)Alignment Between Mathematics Instructional Content and Student Knowledge in Kindergarten},
   journal = {Educational Evaluation and Policy Analysis},
   volume = {35},
   number = {2},
   pages = {157-178},
   DOI = {10.3102/0162373712461850},
   url = {http://epa.sagepub.com/cgi/content/abstract/35/2/157
http://epa.sagepub.com/content/35/2/157.full.pdf},
   note = {internal-pdf://0749056737/Engel-2013-Teaching Students What They Already.pdf},
   year = {2013},
   type = {Journal Article}
}

@article{RN394,
   author = {Fairweather, J. S. and Rhoads, R. A.},
   title = {TEACHING AND THE FACULTY ROLE - ENHANCING THE COMMITMENT TO INSTRUCTION IN AMERICAN COLLEGES AND UNIVERSITIES},
   journal = {Educational Evaluation and Policy Analysis},
   volume = {17},
   number = {2},
   pages = {179-194},
   ISSN = {0162-3737},
   DOI = {10.2307/1164560},
   url = {<Go to ISI>://WOS:A1995RD34200004},
   year = {1995},
   type = {Journal Article}
}

@article{RN285,
   author = {Feller, I.},
   title = {Social contracts and the impact of matching fund requirements on American research universities},
   journal = {Educational Evaluation and Policy Analysis},
   volume = {22},
   number = {1},
   pages = {91-98},
   ISSN = {0162-3737},
   url = {<Go to ISI>://WOS:000086310300006},
   year = {2000},
   type = {Journal Article}
}

@article{RN296,
   author = {Finn, J. D. and Achilles, C. M.},
   title = {Tennessee's class size study: Findings, implications, misconceptions},
   journal = {Educational Evaluation and Policy Analysis},
   volume = {21},
   number = {2},
   pages = {97-109},
   ISSN = {0162-3737},
   DOI = {10.2307/1164294},
   url = {<Go to ISI>://WOS:000082043900002},
   year = {1999},
   type = {Journal Article}
}

@article{RN324,
   author = {Firestone, W. A. and Mayrowetz, D. and Fairman, J.},
   title = {Performance-based assessment and instructional change: The effects of testing in Maine and Maryland},
   journal = {Educational Evaluation and Policy Analysis},
   volume = {20},
   number = {2},
   pages = {95-113},
   ISSN = {0162-3737},
   DOI = {10.2307/1164376},
   url = {<Go to ISI>://WOS:000074877600004},
   year = {1998},
   type = {Journal Article}
}

@article{RN404,
   author = {Firestone, W. A. and Nagle, B.},
   title = {DIFFERENTIAL REGULATION - CLEVER CUSTOMIZATION OR UNEQUAL INTERFERENCE},
   journal = {Educational Evaluation and Policy Analysis},
   volume = {17},
   number = {1},
   pages = {97-112},
   ISSN = {0162-3737},
   DOI = {10.3102/01623737017001097},
   url = {<Go to ISI>://WOS:A1995QM49100006},
   year = {1995},
   type = {Journal Article}
}

@article{RN181,
   author = {Flores, Stella M.},
   title = {The First State Dream Act: In-State Resident Tuition and Immigration in Texas},
   journal = {Educational Evaluation and Policy Analysis},
   volume = {32},
   number = {4},
   pages = {435-455},
   DOI = {10.3102/0162373710380741},
   url = {http://epa.sagepub.com/cgi/content/abstract/32/4/435
http://epa.sagepub.com/content/32/4/435.full.pdf},
   note = {internal-pdf://1489157801/Flores-2010-The First State Dream Act_ In-Stat.pdf},
   year = {2010},
   type = {Journal Article}
}

@article{RN17,
   author = {Frank, Kenneth A. and Maroulis, Spiro J. and Duong, Minh Q. and Kelcey, Benjamin M.},
   title = {What Would It Take to Change an Inference? Using Rubin’s Causal Model to Interpret the Robustness of Causal Inferences},
   journal = {Educational Evaluation and Policy Analysis},
   volume = {35},
   number = {4},
   pages = {437-460},
   DOI = {10.3102/0162373713493129},
   url = {http://epa.sagepub.com/cgi/content/abstract/35/4/437
http://epa.sagepub.com/content/35/4/437.full.pdf},
   note = {internal-pdf://3223693426/Frank-2013-What Would It Take to Change an Inf.pdf},
   year = {2013},
   type = {Journal Article}
}

@article{RN57,
   author = {Frank, Kenneth A. and Sykes, Gary and Anagnostopoulos, Dorothea and Cannata, Marisa and Chard, Linda and Krause, Ann and McCrory, Raven},
   title = {Does NBPTS Certification Affect the Number of Colleagues a Teacher Helps With Instructional Matters?},
   journal = {Educational Evaluation and Policy Analysis},
   volume = {30},
   number = {1},
   pages = {3-30},
   DOI = {10.3102/0162373707313781},
   url = {http://epa.sagepub.com/cgi/content/abstract/30/1/3
http://epa.sagepub.com/content/30/1/3.full.pdf},
   note = {internal-pdf://2300620819/Frank-2008-Does NBPTS Certification Affect the.pdf},
   year = {2008},
   type = {Journal Article}
}

@article{RN358,
   author = {Friedlander, D. and Martinson, K.},
   title = {Effects of mandatory basic education for adult AFDC recipients},
   journal = {Educational Evaluation and Policy Analysis},
   volume = {18},
   number = {4},
   pages = {327-337},
   ISSN = {0162-3737},
   url = {<Go to ISI>://WOS:A1996VY25000004},
   year = {1996},
   type = {Journal Article}
}

@article{RN31,
   author = {Fulbeck, Eleanor S.},
   title = {Teacher Mobility and Financial Incentives: A Descriptive Analysis of Denver’s ProComp},
   journal = {Educational Evaluation and Policy Analysis},
   volume = {36},
   number = {1},
   pages = {67-82},
   DOI = {10.3102/0162373713503185},
   url = {http://epa.sagepub.com/cgi/content/abstract/36/1/67
http://epa.sagepub.com/content/36/1/67.full.pdf},
   note = {internal-pdf://1929947656/Fulbeck-2014-Teacher Mobility and Financial In.pdf},
   year = {2014},
   type = {Journal Article}
}

@article{RN373,
   author = {Fuller, B. and Liang, X. Y.},
   title = {Market failure? Estimating inequality in preschool availability},
   journal = {Educational Evaluation and Policy Analysis},
   volume = {18},
   number = {1},
   pages = {31-49},
   ISSN = {0162-3737},
   DOI = {10.2307/1164229},
   url = {<Go to ISI>://WOS:A1996VB89100003},
   year = {1996},
   type = {Journal Article}
}

@article{RN261,
   author = {Fuller, B. and Strath, A.},
   title = {The child-care and preschool workforce: Demographics, earnings, and unequal distribution},
   journal = {Educational Evaluation and Policy Analysis},
   volume = {23},
   number = {1},
   pages = {37-55},
   ISSN = {0162-3737},
   DOI = {10.3102/01623737023001037},
   url = {<Go to ISI>://WOS:000178223300003},
   year = {2001},
   type = {Journal Article}
}

@article{RN371,
   author = {Gamoran, A.},
   title = {Student achievement in public magnet, public comprehensive, and private city high schools},
   journal = {Educational Evaluation and Policy Analysis},
   volume = {18},
   number = {1},
   pages = {1-18},
   ISSN = {0162-3737},
   url = {<Go to ISI>://WOS:A1996VB89100001},
   year = {1996},
   type = {Journal Article}
}

@article{RN270,
   author = {Gamoran, A. and Hannigan, E. C.},
   title = {Algebra for everyone? Benefits of college-preparatory mathematics for students with diverse abilities in early secondary school},
   journal = {Educational Evaluation and Policy Analysis},
   volume = {22},
   number = {3},
   pages = {241-254},
   ISSN = {0162-3737},
   DOI = {10.3102/01623737022003241},
   url = {<Go to ISI>://WOS:000089946600002},
   year = {2000},
   type = {Journal Article}
}

@article{RN335,
   author = {Gamoran, A. and Porter, A. C. and Smithson, J. and White, P. A.},
   title = {Upgrading high school mathematics instruction: Improving learning opportunities for low-achieving, low-income youth},
   journal = {Educational Evaluation and Policy Analysis},
   volume = {19},
   number = {4},
   pages = {325-338},
   ISSN = {0162-3737},
   DOI = {10.3102/01623737019004325},
   url = {<Go to ISI>://WOS:000072404500005},
   year = {1997},
   type = {Journal Article}
}

@article{RN256,
   author = {Gerber, S. B. and Finn, J. D. and Achilles, C. M. and Boyd-Zaharias, J.},
   title = {Teacher aides and students' academic achievement},
   journal = {Educational Evaluation and Policy Analysis},
   volume = {23},
   number = {2},
   pages = {123-143},
   ISSN = {0162-3737},
   DOI = {10.3102/01623737023002123},
   url = {<Go to ISI>://WOS:000178223600003},
   year = {2001},
   type = {Journal Article}
}

@article{RN278,
   author = {Gibton, D. and Sabar, N. and Goldring, E. B.},
   title = {How principals of autonomous schools in Israel view implementation of decentralization and restructuring policy: Risks, rights, and wrongs},
   journal = {Educational Evaluation and Policy Analysis},
   volume = {22},
   number = {2},
   pages = {193-210},
   ISSN = {0162-3737},
   DOI = {10.2307/1164395},
   url = {<Go to ISI>://WOS:000088681100006},
   year = {2000},
   type = {Journal Article}
}

@article{RN217,
   author = {Gill, B. P. and Schlossman, S. L.},
   title = {A nation at rest: The American way of homework},
   journal = {Educational Evaluation and Policy Analysis},
   volume = {25},
   number = {3},
   pages = {319-337},
   ISSN = {0162-3737},
   DOI = {10.3102/01623737025003319},
   url = {<Go to ISI>://WOS:000186648500005},
   year = {2003},
   type = {Journal Article}
}

@article{RN165,
   author = {Gitomer, Drew and Goe, Laura},
   title = {Editors’ Note},
   journal = {Educational Evaluation and Policy Analysis},
   volume = {29},
   number = {1},
   pages = {4},
   DOI = {10.3102/0162373707301080},
   url = {http://epa.sagepub.com/cgi/content/short/29/1/4
http://epa.sagepub.com/content/29/1/4.full.pdf},
   note = {internal-pdf://0996523189/Gitomer-2007-Editors’ Note.pdf},
   year = {2007},
   type = {Journal Article}
}

@article{RN24,
   author = {Glazer, Joshua L.},
   title = {How External Interveners Leverage Large-Scale Change: The Case of America’s Choice, 1998–2003},
   journal = {Educational Evaluation and Policy Analysis},
   volume = {31},
   number = {3},
   pages = {269-297},
   DOI = {10.3102/0162373709336745},
   url = {http://epa.sagepub.com/cgi/content/abstract/31/3/269
http://epa.sagepub.com/content/31/3/269.full.pdf},
   note = {internal-pdf://0564636012/Glazer-2009-How External Interveners Leverage.pdf},
   year = {2009},
   type = {Journal Article}
}

@article{RN226,
   author = {Goddard, R. D.},
   title = {Relational networks, social trust, and norms: A social capital perspective on students' chances of academic success},
   journal = {Educational Evaluation and Policy Analysis},
   volume = {25},
   number = {1},
   pages = {59-74},
   ISSN = {0162-3737},
   DOI = {10.3102/01623737025001059},
   url = {<Go to ISI>://WOS:000184120400003},
   year = {2003},
   type = {Journal Article}
}

@article{RN189,
   author = {Goldhaber, D. and Perry, D. and Anthony, E.},
   title = {The National Board for Professional Teaching Standards (NBPTS) process: Who applies and what factors are associated with NBPTS certification?},
   journal = {Educational Evaluation and Policy Analysis},
   volume = {26},
   number = {4},
   pages = {259-280},
   ISSN = {0162-3737},
   DOI = {10.3102/01623737026004259},
   url = {<Go to ISI>://WOS:000226920000001},
   year = {2004},
   type = {Journal Article}
}

@article{RN275,
   author = {Goldhaber, D. D. and Brewer, D. J.},
   title = {Does teacher certification matter? High school teacher certification status and student achievement},
   journal = {Educational Evaluation and Policy Analysis},
   volume = {22},
   number = {2},
   pages = {129-145},
   ISSN = {0162-3737},
   DOI = {10.3102/01623737022002129},
   url = {<Go to ISI>://WOS:000088681100003},
   year = {2000},
   type = {Journal Article}
}

@article{RN263,
   author = {Goldhaber, D. D. and Brewer, D. J.},
   title = {Evaluating the evidence on teacher certification: A rejoinder},
   journal = {Educational Evaluation and Policy Analysis},
   volume = {23},
   number = {1},
   pages = {79-86},
   ISSN = {0162-3737},
   DOI = {10.3102/01623737023001079},
   url = {<Go to ISI>://WOS:000178223300005},
   year = {2001},
   type = {Journal Article}
}

@article{RN222,
   author = {Goldhaber, D. D. and Eide, E. R.},
   title = {Methodological thoughts on measuring the impact of private sector competition on the educational marketplace},
   journal = {Educational Evaluation and Policy Analysis},
   volume = {25},
   number = {2},
   pages = {217-232},
   ISSN = {0162-3737},
   DOI = {10.3102/01623737025002217},
   url = {<Go to ISI>://WOS:000185750800005},
   year = {2003},
   type = {Journal Article}
}

@article{RN69,
   author = {Goldhaber, Dan D. and Goldschmidt, Pete and Tseng, Fannie},
   title = {Teacher Value-Added at the High-School Level: Different Models, Different Answers?},
   journal = {Educational Evaluation and Policy Analysis},
   volume = {35},
   number = {2},
   pages = {220-236},
   DOI = {10.3102/0162373712466938},
   url = {http://epa.sagepub.com/cgi/content/abstract/35/2/220
http://epa.sagepub.com/content/35/2/220.full.pdf},
   note = {internal-pdf://1727377817/Goldhaber-2013-Teacher Value-Added at the High.pdf},
   year = {2013},
   type = {Journal Article}
}

@article{RN76,
   author = {Goldrick-Rab, Sara and Shaw, Kathleen M.},
   title = {Racial and Ethnic Differences in the Impact of Work-First Policies on College Access},
   journal = {Educational Evaluation and Policy Analysis},
   volume = {27},
   number = {4},
   pages = {291-307},
   DOI = {10.3102/01623737027004291},
   url = {http://epa.sagepub.com/cgi/content/abstract/27/4/291
http://epa.sagepub.com/content/27/4/291.full.pdf},
   note = {internal-pdf://2297147973/Goldrick-Rab-2005-Racial and Ethnic Difference.pdf},
   year = {2005},
   type = {Journal Article}
}

@article{RN212,
   author = {Goldring, E. and Crowson, R. and Laird, D. and Berk, R.},
   title = {Transition leadership in a shifting policy environment},
   journal = {Educational Evaluation and Policy Analysis},
   volume = {25},
   number = {4},
   pages = {473-488},
   ISSN = {0162-3737},
   DOI = {10.3102/01623737025004473},
   url = {<Go to ISI>://WOS:000220893300007},
   year = {2003},
   type = {Journal Article}
}

@article{RN209,
   author = {Goldstein, J.},
   title = {Making sense of distributed leadership: The case of peer assistance and review},
   journal = {Educational Evaluation and Policy Analysis},
   volume = {25},
   number = {4},
   pages = {397-421},
   ISSN = {0162-3737},
   DOI = {10.3102/01623737025004397},
   url = {<Go to ISI>://WOS:000220893300004},
   year = {2003},
   type = {Journal Article}
}

@article{RN201,
   author = {Goldstein, J.},
   title = {Making sense of distributed leadership: The case of peer assistance and review (vol 25, pg 397, 2003)},
   journal = {Educational Evaluation and Policy Analysis},
   volume = {26},
   number = {2},
   pages = {173-197},
   ISSN = {0162-3737},
   DOI = {10.3102/01623737026002173},
   url = {<Go to ISI>://WOS:000224018000006},
   year = {2004},
   type = {Journal Article}
}

@article{RN109,
   author = {Gottfried, Michael A.},
   title = {Excused Versus Unexcused: How Student Absences in Elementary School Affect Academic Achievement},
   journal = {Educational Evaluation and Policy Analysis},
   volume = {31},
   number = {4},
   pages = {392-415},
   DOI = {10.3102/0162373709342467},
   url = {http://epa.sagepub.com/cgi/content/abstract/31/4/392
http://epa.sagepub.com/content/31/4/392.full.pdf},
   note = {internal-pdf://4220302971/Gottfried-2009-Excused Versus Unexcused_ How S.pdf},
   year = {2009},
   type = {Journal Article}
}

@article{RN94,
   author = {Gottfried, Michael A.},
   title = {Classmates With Disabilities and Students’ Noncognitive Outcomes},
   journal = {Educational Evaluation and Policy Analysis},
   volume = {36},
   number = {1},
   pages = {20-43},
   DOI = {10.3102/0162373713493130},
   url = {http://epa.sagepub.com/cgi/content/abstract/36/1/20
http://epa.sagepub.com/content/36/1/20.full.pdf},
   note = {internal-pdf://3164714072/Gottfried-2014-Classmates With Disabilities an.pdf},
   year = {2014},
   type = {Journal Article}
}

@article{RN364,
   author = {Griffin, B. W. and Heidorn, M. H.},
   title = {An examination of the relationship between minimum competency test performance and dropping out of high school},
   journal = {Educational Evaluation and Policy Analysis},
   volume = {18},
   number = {3},
   pages = {243-252},
   ISSN = {0162-3737},
   DOI = {10.3102/01623737018003243},
   url = {<Go to ISI>://WOS:A1996VH32300004},
   year = {1996},
   type = {Journal Article}
}

@article{RN80,
   author = {Grigg, Jeffrey and Kelly, Kimberle A. and Gamoran, Adam and Borman, Geoffrey D.},
   title = {Effects of Two Scientific Inquiry Professional Development Interventions on Teaching Practice},
   journal = {Educational Evaluation and Policy Analysis},
   volume = {35},
   number = {1},
   pages = {38-56},
   DOI = {10.3102/0162373712461851},
   url = {http://epa.sagepub.com/cgi/content/abstract/35/1/38
http://epa.sagepub.com/content/35/1/38.full.pdf},
   note = {internal-pdf://3160715923/Grigg-2013-Effects of Two Scientific Inquiry P.pdf},
   year = {2013},
   type = {Journal Article}
}

@article{RN304,
   author = {Grissmer, D.},
   title = {Class size effects: Assessing the evidence, its policy implications, and future research agenda},
   journal = {Educational Evaluation and Policy Analysis},
   volume = {21},
   number = {2},
   pages = {231-248},
   ISSN = {0162-3737},
   DOI = {10.2307/1164302},
   url = {<Go to ISI>://WOS:000082043900010},
   year = {1999},
   type = {Journal Article}
}

@article{RN295,
   author = {Grissmer, D.},
   title = {Special issue - Class size: Issues and new findings - Introduction},
   journal = {Educational Evaluation and Policy Analysis},
   volume = {21},
   number = {2},
   pages = {93-95},
   ISSN = {0162-3737},
   DOI = {10.3102/01623737021002093},
   url = {<Go to ISI>://WOS:000082043900001},
   year = {1999},
   type = {Journal Article}
}

@article{RN178,
   author = {Gross, Betheny and Booker, T. Kevin and Goldhaber, Dan},
   title = {Boosting Student Achievement: The Effect of Comprehensive School Reform on Student Achievement},
   journal = {Educational Evaluation and Policy Analysis},
   volume = {31},
   number = {2},
   pages = {111-126},
   DOI = {10.3102/0162373709333886},
   url = {http://epa.sagepub.com/cgi/content/abstract/31/2/111
http://epa.sagepub.com/content/31/2/111.full.pdf},
   note = {internal-pdf://3983261259/Gross-2009-Boosting Student Achievement_ The E.pdf},
   year = {2009},
   type = {Journal Article}
}

@article{RN190,
   author = {Grossman, P. and Thompson, C.},
   title = {District policy and beginning teachers: A lens on teacher learning},
   journal = {Educational Evaluation and Policy Analysis},
   volume = {26},
   number = {4},
   pages = {281-301},
   ISSN = {0162-3737},
   DOI = {10.3102/01623737026004281},
   url = {<Go to ISI>://WOS:000226920000002},
   year = {2004},
   type = {Journal Article}
}

@article{RN387,
   author = {Guiton, G. and Oakes, J.},
   title = {OPPORTUNITY TO LEARN AND CONCEPTIONS OF EDUCATIONAL-EQUALITY},
   journal = {Educational Evaluation and Policy Analysis},
   volume = {17},
   number = {3},
   pages = {323-336},
   ISSN = {0162-3737},
   DOI = {10.3102/01623737017003323},
   url = {<Go to ISI>://WOS:A1995RW98500006},
   year = {1995},
   type = {Journal Article}
}

@article{RN319,
   author = {Hamilton, L. S.},
   title = {Gender differences on high school science achievement tests: Do format and content matter?},
   journal = {Educational Evaluation and Policy Analysis},
   volume = {20},
   number = {3},
   pages = {179-195},
   ISSN = {0162-3737},
   DOI = {10.2307/1164491},
   url = {<Go to ISI>://WOS:000076236700003},
   year = {1998},
   type = {Journal Article}
}

@article{RN224,
   author = {Hamilton, L. S. and McCaffrey, D. F. and Stecher, B. M. and Klein, S. P. and Robyn, A. and Bugliari, D.},
   title = {Studying large-scale reforms of instructional practice: An example from mathematics and science},
   journal = {Educational Evaluation and Policy Analysis},
   volume = {25},
   number = {1},
   pages = {1-29},
   ISSN = {0162-3737},
   DOI = {10.3102/01623737025001001},
   url = {<Go to ISI>://WOS:000184120400001},
   year = {2003},
   type = {Journal Article}
}

@article{RN223,
   author = {Hamilton, L. S. and McCaffrey, D. F. and Stecher, B. M. and Klein, S. P. and Robyn, A. and Bugliari, D.},
   title = {Studying large-scale reforms of instructional practice: An example from mathematics and science, the reference for academic excellence for all students (vol 25, pg 28, 2003)},
   journal = {Educational Evaluation and Policy Analysis},
   volume = {25},
   number = {2},
   pages = {233-233},
   ISSN = {0162-3737},
   url = {<Go to ISI>://WOS:000185750800006},
   year = {2003},
   type = {Journal Article}
}

@article{RN85,
   author = {Hanselman, Paul and Borman, Geoffrey D.},
   title = {The Impacts of Success for All on Reading Achievement in Grades 3–5: Does Intervening During the Later Elementary Grades Produce the Same Benefits as Intervening Early?},
   journal = {Educational Evaluation and Policy Analysis},
   volume = {35},
   number = {2},
   pages = {237-251},
   DOI = {10.3102/0162373712466940},
   url = {http://epa.sagepub.com/cgi/content/abstract/35/2/237
http://epa.sagepub.com/content/35/2/237.full.pdf},
   note = {internal-pdf://2242294544/Hanselman-2013-The Impacts of Success for All.pdf},
   year = {2013},
   type = {Journal Article}
}

@article{RN347,
   author = {Hanushek, E. A.},
   title = {Assessing the effects of school resources on student performance: An update},
   journal = {Educational Evaluation and Policy Analysis},
   volume = {19},
   number = {2},
   pages = {141-164},
   ISSN = {0162-3737},
   DOI = {10.3102/01623737019002141},
   url = {<Go to ISI>://WOS:A1997XE01200004},
   year = {1997},
   type = {Journal Article}
}

@article{RN332,
   author = {Hanushek, E. A.},
   title = {Outcomes, incentives, and beliefs: Reflections on analysis of the economics of schools},
   journal = {Educational Evaluation and Policy Analysis},
   volume = {19},
   number = {4},
   pages = {301-308},
   ISSN = {0162-3737},
   DOI = {10.2307/1164444},
   url = {<Go to ISI>://WOS:000072404500002},
   year = {1997},
   type = {Journal Article}
}

@article{RN299,
   author = {Hanushek, E. A.},
   title = {Some findings from an independent investigation of the Tennessee STAR experiment and from other investigations of class size effects},
   journal = {Educational Evaluation and Policy Analysis},
   volume = {21},
   number = {2},
   pages = {143-163},
   ISSN = {0162-3737},
   DOI = {10.2307/1164297},
   url = {<Go to ISI>://WOS:000082043900005},
   year = {1999},
   type = {Journal Article}
}

@article{RN367,
   author = {Hargreaves, A.},
   title = {Transforming knowledge: Blurring the boundaries between research, policy, and practice},
   journal = {Educational Evaluation and Policy Analysis},
   volume = {18},
   number = {2},
   pages = {105-122},
   ISSN = {0162-3737},
   url = {<Go to ISI>://WOS:A1996VB89400001},
   year = {1996},
   type = {Journal Article}
}

@article{RN27,
   author = {Harris, Douglas N.},
   title = {Toward Policy-Relevant Benchmarks for Interpreting Effect Sizes: Combining Effects With Costs},
   journal = {Educational Evaluation and Policy Analysis},
   volume = {31},
   number = {1},
   pages = {3-29},
   DOI = {10.3102/0162373708327524},
   url = {http://epa.sagepub.com/cgi/content/abstract/31/1/3
http://epa.sagepub.com/content/31/1/3.full.pdf},
   note = {internal-pdf://0516663706/Harris-2009-Toward Policy-Relevant Benchmarks.pdf},
   year = {2009},
   type = {Journal Article}
}

@article{RN260,
   author = {Heck, R. H. and Crislip, M.},
   title = {Direct and indirect writing assessments: Examining issues of equity and utility},
   journal = {Educational Evaluation and Policy Analysis},
   volume = {23},
   number = {1},
   pages = {19-36},
   ISSN = {0162-3737},
   DOI = {10.3102/01623737023001019},
   url = {<Go to ISI>://WOS:000178223300002},
   year = {2001},
   type = {Journal Article}
}

@article{RN253,
   author = {Heck, R. H. and Crislip, M.},
   title = {Direct and indirect writing assessments: Examining issues of equity and utility (vol 23, pg 19, 2001)},
   journal = {Educational Evaluation and Policy Analysis},
   volume = {23},
   number = {3},
   pages = {275-292},
   ISSN = {0162-3737},
   DOI = {10.3102/01623737023003275},
   url = {<Go to ISI>://WOS:000178223800004},
   year = {2001},
   type = {Journal Article}
}

@article{RN102,
   author = {Hedges, Larry V. and Hedberg, E. C.},
   title = {Intraclass Correlation Values for Planning Group-Randomized Trials in Education},
   journal = {Educational Evaluation and Policy Analysis},
   volume = {29},
   number = {1},
   pages = {60-87},
   DOI = {10.3102/0162373707299706},
   url = {http://epa.sagepub.com/cgi/content/abstract/29/1/60
http://epa.sagepub.com/content/29/1/60.full.pdf},
   note = {internal-pdf://2038609297/Hedges-2007-Intraclass Correlation Values for.pdf},
   year = {2007},
   type = {Journal Article}
}

@article{RN149,
   author = {Heilig, Julian Vasquez and Darling-Hammond, Linda},
   title = {Accountability Texas-Style: The Progress and Learning of Urban Minority Students in a High-Stakes Testing Context},
   journal = {Educational Evaluation and Policy Analysis},
   volume = {30},
   number = {2},
   pages = {75-110},
   DOI = {10.3102/0162373708317689},
   url = {http://epa.sagepub.com/cgi/content/abstract/30/2/75
http://epa.sagepub.com/content/30/2/75.full.pdf},
   note = {internal-pdf://3916544736/Heilig-2008-Accountability Texas-Style_ The Pr.pdf},
   year = {2008},
   type = {Journal Article}
}

@article{RN146,
   author = {Heinrich, Carolyn J. and Meyer, Robert H. and Whitten, Greg},
   title = {Supplemental Education Services Under No Child Left Behind: Who Signs Up, and What Do They Gain?},
   journal = {Educational Evaluation and Policy Analysis},
   volume = {32},
   number = {2},
   pages = {273-298},
   DOI = {10.3102/0162373710361640},
   url = {http://epa.sagepub.com/cgi/content/abstract/32/2/273
http://epa.sagepub.com/content/32/2/273.full.pdf},
   note = {internal-pdf://3801660019/Heinrich-2010-Supplemental Education Services.pdf},
   year = {2010},
   type = {Journal Article}
}

@article{RN75,
   author = {Hemelt, Steven W. and Marcotte, Dave E.},
   title = {The Impact of Tuition Increases on Enrollment at Public Colleges and Universities},
   journal = {Educational Evaluation and Policy Analysis},
   volume = {33},
   number = {4},
   pages = {435-457},
   DOI = {10.3102/0162373711415261},
   url = {http://epa.sagepub.com/cgi/content/abstract/33/4/435
http://epa.sagepub.com/content/33/4/435.full.pdf},
   note = {internal-pdf://3382948406/Hemelt-2011-The Impact of Tuition Increases on.pdf},
   year = {2011},
   type = {Journal Article}
}

@article{RN150,
   author = {Hemelt, Steven W. and Roth, Kimberly B. and Eaton, William W.},
   title = {Elementary School Interventions: Experimental Evidence on Postsecondary Outcomes},
   journal = {Educational Evaluation and Policy Analysis},
   volume = {35},
   number = {4},
   pages = {413-436},
   DOI = {10.3102/0162373713493131},
   url = {http://epa.sagepub.com/cgi/content/abstract/35/4/413
http://epa.sagepub.com/content/35/4/413.full.pdf},
   note = {internal-pdf://1466219279/Hemelt-2013-Elementary School Interventions_ E.pdf},
   year = {2013},
   type = {Journal Article}
}

@article{RN38,
   author = {Henry, Gary T. and Fortner, C. Kevin and Thompson, Charles L.},
   title = {Targeted Funding for Educationally Disadvantaged Students: A Regression Discontinuity Estimate of the Impact on High School Student Achievement},
   journal = {Educational Evaluation and Policy Analysis},
   volume = {32},
   number = {2},
   pages = {183-204},
   DOI = {10.3102/0162373710370620},
   url = {http://epa.sagepub.com/cgi/content/abstract/32/2/183
http://epa.sagepub.com/content/32/2/183.full.pdf},
   note = {internal-pdf://1686678289/Henry-2010-Targeted Funding for Educationally.pdf},
   year = {2010},
   type = {Journal Article}
}

@article{RN144,
   author = {Henry, Gary T. and Gordon, Craig S. and Rickman, Dana K.},
   title = {Early Education Policy Alternatives: Comparing Quality and Outcomes of Head Start and State Prekindergarten},
   journal = {Educational Evaluation and Policy Analysis},
   volume = {28},
   number = {1},
   pages = {77-99},
   DOI = {10.3102/01623737028001077},
   url = {http://epa.sagepub.com/cgi/content/abstract/28/1/77
http://epa.sagepub.com/content/28/1/77.full.pdf},
   note = {internal-pdf://0432519701/Henry-2006-Early Education Policy Alternatives.pdf},
   year = {2006},
   type = {Journal Article}
}

@article{RN308,
   author = {Hess, G. A.},
   title = {Understanding achievement (and other) changes under Chicago school reform},
   journal = {Educational Evaluation and Policy Analysis},
   volume = {21},
   number = {1},
   pages = {67-83},
   ISSN = {0162-3737},
   DOI = {10.3102/01623737021001067},
   url = {<Go to ISI>://WOS:000079531000004},
   year = {1999},
   type = {Journal Article}
}

@article{RN277,
   author = {Heyneman, S. P.},
   title = {From the party/state to multiethnic democracy: Education and social cohesion in Europe and Central Asia},
   journal = {Educational Evaluation and Policy Analysis},
   volume = {22},
   number = {2},
   pages = {173-191},
   ISSN = {0162-3737},
   DOI = {10.3102/01623737022002173},
   url = {<Go to ISI>://WOS:000088681100005},
   year = {2000},
   type = {Journal Article}
}

@article{RN51,
   author = {Hiebert, James and Stigler, James W. and Jacobs, Jennifer K. and Givvin, Karen Bogard and Garnier, Helen and Smith, Margaret and Hollingsworth, Hilary and Manaster, Alfred and Wearne, Diana and Gallimore, Ronald},
   title = {Mathematics Teaching in the United States Today (and Tomorrow): Results From the TIMSS 1999 Video Study},
   journal = {Educational Evaluation and Policy Analysis},
   volume = {27},
   number = {2},
   pages = {111-132},
   DOI = {10.3102/01623737027002111},
   url = {http://epa.sagepub.com/cgi/content/abstract/27/2/111
http://epa.sagepub.com/content/27/2/111.full.pdf},
   note = {internal-pdf://3848056616/Hiebert-2005-Mathematics Teaching in the Unite.pdf},
   year = {2005},
   type = {Journal Article}
}

@article{RN159,
   author = {Hill, Heather C.},
   title = {Mathematical Knowledge of Middle School Teachers: Implications for the No Child Left Behind Policy Initiative},
   journal = {Educational Evaluation and Policy Analysis},
   volume = {29},
   number = {2},
   pages = {95-114},
   DOI = {10.3102/0162373707301711},
   url = {http://epa.sagepub.com/cgi/content/abstract/29/2/95
http://epa.sagepub.com/content/29/2/95.full.pdf},
   note = {internal-pdf://3178413112/Hill-2007-Mathematical Knowledge of Middle Sch.pdf},
   year = {2007},
   type = {Journal Article}
}

@article{RN18,
   author = {Hong, Guanglei and Corter, Carl and Hong, Yihua and Pelletier, Janette},
   title = {Differential Effects of Literacy Instruction Time and Homogeneous Ability Grouping in Kindergarten Classrooms: Who Will Benefit? Who Will Suffer?},
   journal = {Educational Evaluation and Policy Analysis},
   volume = {34},
   number = {1},
   pages = {69-88},
   DOI = {10.3102/0162373711424206},
   url = {http://epa.sagepub.com/cgi/content/abstract/34/1/69
http://epa.sagepub.com/content/34/1/69.full.pdf},
   note = {internal-pdf://4069632145/Hong-2012-Differential Effects of Literacy Ins.pdf},
   year = {2012},
   type = {Journal Article}
}

@article{RN9,
   author = {Hong, Guanglei and Hong, Yihua},
   title = {Reading Instruction Time and Homogeneous Grouping in Kindergarten: An Application of Marginal Mean Weighting Through Stratification},
   journal = {Educational Evaluation and Policy Analysis},
   volume = {31},
   number = {1},
   pages = {54-81},
   DOI = {10.3102/0162373708328259},
   url = {http://epa.sagepub.com/cgi/content/abstract/31/1/54
http://epa.sagepub.com/content/31/1/54.full.pdf},
   note = {internal-pdf://1254401833/Hong-2009-Reading Instruction Time and Homogen.pdf},
   year = {2009},
   type = {Journal Article}
}

@article{RN182,
   author = {Hong, Guanglei and Raudenbush, Stephen W.},
   title = {Effects of Kindergarten Retention Policy on Children’s Cognitive Growth in Reading and Mathematics},
   journal = {Educational Evaluation and Policy Analysis},
   volume = {27},
   number = {3},
   pages = {205-224},
   DOI = {10.3102/01623737027003205},
   url = {http://epa.sagepub.com/cgi/content/abstract/27/3/205
http://epa.sagepub.com/content/27/3/205.full.pdf},
   note = {internal-pdf://2376646376/Hong-2005-Effects of Kindergarten Retention Po.pdf},
   year = {2005},
   type = {Journal Article}
}

@article{RN97,
   author = {Hong, Guanglei and Yu, Bing},
   title = {Early-Grade Retention and Children’s Reading and Math Learning in Elementary Years},
   journal = {Educational Evaluation and Policy Analysis},
   volume = {29},
   number = {4},
   pages = {239-261},
   DOI = {10.3102/0162373707309073},
   url = {http://epa.sagepub.com/cgi/content/abstract/29/4/239
http://epa.sagepub.com/content/29/4/239.full.pdf},
   note = {internal-pdf://3333731526/Hong-2007-Early-Grade Retention and Children’s.pdf},
   year = {2007},
   type = {Journal Article}
}

@article{RN205,
   author = {Honig, M. I.},
   title = {The new middle management: Intermediary organizations in education policy implementation},
   journal = {Educational Evaluation and Policy Analysis},
   volume = {26},
   number = {1},
   pages = {65-87},
   ISSN = {0162-3737},
   DOI = {10.3102/01623737026001065},
   url = {<Go to ISI>://WOS:000222558700004},
   year = {2004},
   type = {Journal Article}
}

@article{RN187,
   author = {Honig, Meredith I.},
   title = {Street-Level Bureaucracy Revisited: Frontline District Central-Office Administrators as Boundary Spanners in Education Policy Implementation},
   journal = {Educational Evaluation and Policy Analysis},
   volume = {28},
   number = {4},
   pages = {357-383},
   DOI = {10.3102/01623737028004357},
   url = {http://epa.sagepub.com/cgi/content/abstract/28/4/357
http://epa.sagepub.com/content/28/4/357.full.pdf},
   note = {internal-pdf://1737932598/Honig-2006-Street-Level Bureaucracy Revisited_.pdf},
   year = {2006},
   type = {Journal Article}
}

@article{RN398,
   author = {House, E. R. and Haug, C.},
   title = {RIDING THE BELL-CURVE - HERRNSTEIN,RJ, MURRAY,C},
   journal = {Educational Evaluation and Policy Analysis},
   volume = {17},
   number = {2},
   pages = {263-272},
   ISSN = {0162-3737},
   url = {<Go to ISI>://WOS:A1995RD34200008},
   year = {1995},
   type = {Journal Article}
}

@article{RN338,
   author = {Huang, G. G. and Weng, S. and Zhang, F. and Cohen, M. P.},
   title = {Outmigration among rural high school graduates: The effect of academic and vocational programs},
   journal = {Educational Evaluation and Policy Analysis},
   volume = {19},
   number = {4},
   pages = {360-372},
   ISSN = {0162-3737},
   url = {<Go to ISI>://WOS:000072404500008},
   year = {1997},
   type = {Journal Article}
}

@article{RN170,
   author = {Hughes, Jan N. and Chen, Qi and Thoemmes, Felix and Kwok, Oi-man},
   title = {An Investigation of the Relationship Between Retention in First Grade and Performance on High Stakes Tests in Third Grade},
   journal = {Educational Evaluation and Policy Analysis},
   volume = {32},
   number = {2},
   pages = {166-182},
   DOI = {10.3102/0162373710367682},
   url = {http://epa.sagepub.com/cgi/content/abstract/32/2/166
http://www.ncbi.nlm.nih.gov/pmc/articles/PMC2901899/pdf/nihms193775.pdf},
   note = {internal-pdf://3043540337/Hughes-2010-An Investigation of the Relationsh.pdf},
   year = {2010},
   type = {Journal Article}
}

@article{RN176,
   author = {Hurwitz, Michael},
   title = {The Impact of Institutional Grant Aid on College Choice},
   journal = {Educational Evaluation and Policy Analysis},
   volume = {34},
   number = {3},
   pages = {344-363},
   DOI = {10.3102/0162373712448957},
   url = {http://epa.sagepub.com/cgi/content/abstract/34/3/344
http://epa.sagepub.com/content/34/3/344.full.pdf},
   note = {internal-pdf://4008427036/Hurwitz-2012-The Impact of Institutional Grant.pdf},
   year = {2012},
   type = {Journal Article}
}

@article{RN154,
   author = {Iatarola, Patrice and Conger, Dylan and Long, Mark C.},
   title = {Determinants of High Schools’ Advanced Course Offerings},
   journal = {Educational Evaluation and Policy Analysis},
   volume = {33},
   number = {3},
   pages = {340-359},
   DOI = {10.3102/0162373711398124},
   url = {http://epa.sagepub.com/cgi/content/abstract/33/3/340
http://epa.sagepub.com/content/33/3/340.full.pdf},
   note = {internal-pdf://1481096107/Iatarola-2011-Determinants of High Schools’ Ad.pdf},
   year = {2011},
   type = {Journal Article}
}

@article{RN65,
   author = {Ingersoll, Richard M. and May, Henry},
   title = {The Magnitude, Destinations, and Determinants of Mathematics and Science Teacher Turnover},
   journal = {Educational Evaluation and Policy Analysis},
   volume = {34},
   number = {4},
   pages = {435-464},
   DOI = {10.3102/0162373712454326},
   url = {http://epa.sagepub.com/cgi/content/abstract/34/4/435
http://epa.sagepub.com/content/34/4/435.full.pdf},
   note = {internal-pdf://2921115948/Ingersoll-2012-The Magnitude, Destinations, an.pdf},
   year = {2012},
   type = {Journal Article}
}

@article{RN255,
   author = {Jacob, B. A.},
   title = {Getting tough? The impact of high school graduation exams},
   journal = {Educational Evaluation and Policy Analysis},
   volume = {23},
   number = {2},
   pages = {99-121},
   ISSN = {0162-3737},
   DOI = {10.3102/01623737023002099},
   url = {<Go to ISI>://WOS:000178223600002},
   year = {2001},
   type = {Journal Article}
}

@article{RN119,
   author = {Jacob, Brian A.},
   title = {Do Principals Fire the Worst Teachers?},
   journal = {Educational Evaluation and Policy Analysis},
   volume = {33},
   number = {4},
   pages = {403-434},
   DOI = {10.3102/0162373711414704},
   url = {http://epa.sagepub.com/cgi/content/abstract/33/4/403
http://epa.sagepub.com/content/33/4/403.full.pdf},
   note = {internal-pdf://0888977332/Jacob-2011-Do Principals Fire the Worst Teache.pdf},
   year = {2011},
   type = {Journal Article}
}

@article{RN164,
   author = {Jacob, Robin T. and Goddard, Roger D. and Kim, Eun Sook},
   title = {Assessing the Use of Aggregate Data in the Evaluation of School-Based Interventions: Implications for Evaluation Research and State Policy Regarding Public-Use Data},
   journal = {Educational Evaluation and Policy Analysis},
   volume = {36},
   number = {1},
   pages = {44-66},
   DOI = {10.3102/0162373713485814},
   url = {http://epa.sagepub.com/cgi/content/abstract/36/1/44
http://epa.sagepub.com/content/36/1/44.full.pdf},
   note = {internal-pdf://0188529814/Jacob-2014-Assessing the Use of Aggregate Data.pdf},
   year = {2014},
   type = {Journal Article}
}

@article{RN124,
   author = {James-Burdumy, Susanne and Dynarski, Mark and Deke, John},
   title = {When Elementary Schools Stay Open Late: Results From the National Evaluation of the 21st Century Community Learning Centers Program},
   journal = {Educational Evaluation and Policy Analysis},
   volume = {29},
   number = {4},
   pages = {296-318},
   DOI = {10.3102/0162373707309077},
   url = {http://epa.sagepub.com/cgi/content/abstract/29/4/296
http://epa.sagepub.com/content/29/4/296.full.pdf},
   note = {internal-pdf://3872897104/James-Burdumy-2007-When Elementary Schools Sta.pdf},
   year = {2007},
   type = {Journal Article}
}

@article{RN248,
   author = {Jayasinghe, U. W. and Marsh, H. W. and Bond, N.},
   title = {Peer review in the funding of research in higher education: The Australian experience},
   journal = {Educational Evaluation and Policy Analysis},
   volume = {23},
   number = {4},
   pages = {343-364},
   ISSN = {0162-3737},
   DOI = {10.3102/01623737023004343},
   url = {<Go to ISI>://WOS:000178224000003},
   year = {2001},
   type = {Journal Article}
}

@article{RN169,
   author = {Jennings, Jennifer L. and Beveridge, Andrew A.},
   title = {How Does Test Exemption Affect Schools’ and Students’ Academic Performance?},
   journal = {Educational Evaluation and Policy Analysis},
   volume = {31},
   number = {2},
   pages = {153-175},
   DOI = {10.3102/0162373708328468},
   url = {http://epa.sagepub.com/cgi/content/abstract/31/2/153
http://epa.sagepub.com/content/31/2/153.full.pdf},
   note = {internal-pdf://1938079073/Jennings-2009-How Does Test Exemption Affect S.pdf},
   year = {2009},
   type = {Journal Article}
}

@article{RN45,
   author = {Jeong, Dong Wook},
   title = {Student Participation and Performance on Advanced Placement Exams: Do State-Sponsored Incentives Make a Difference?},
   journal = {Educational Evaluation and Policy Analysis},
   volume = {31},
   number = {4},
   pages = {346-366},
   DOI = {10.3102/0162373709342466},
   url = {http://epa.sagepub.com/cgi/content/abstract/31/4/346
http://epa.sagepub.com/content/31/4/346.full.pdf},
   note = {internal-pdf://1579854891/Jeong-2009-Student Participation and Performan.pdf},
   year = {2009},
   type = {Journal Article}
}

@article{RN294,
   author = {Kahne, J. and Bailey, K.},
   title = {The role of social capital in youth development: The case of "I Have a Dream" programs},
   journal = {Educational Evaluation and Policy Analysis},
   volume = {21},
   number = {3},
   pages = {321-343},
   ISSN = {0162-3737},
   DOI = {10.2307/1164238},
   url = {<Go to ISI>://WOS:000083870000004},
   year = {1999},
   type = {Journal Article}
}

@article{RN62,
   author = {Kahne, Joseph E. and Sporte, Susan E. and de la Torre, Marisa and Easton, John Q.},
   title = {Small High Schools on a Larger Scale: The Impact of School Conversions in Chicago},
   journal = {Educational Evaluation and Policy Analysis},
   volume = {30},
   number = {3},
   pages = {281-315},
   DOI = {10.3102/0162373708319184},
   url = {http://epa.sagepub.com/cgi/content/abstract/30/3/281
http://epa.sagepub.com/content/30/3/281.full.pdf},
   note = {internal-pdf://2745807039/Kahne-2008-Small High Schools on a Larger Scal.pdf},
   year = {2008},
   type = {Journal Article}
}

@article{RN78,
   author = {Kelcey, Ben},
   title = {Assessing the Effects of Teachers’ Reading Knowledge on Students’ Achievement Using Multilevel Propensity Score Stratification},
   journal = {Educational Evaluation and Policy Analysis},
   volume = {33},
   number = {4},
   pages = {458-482},
   DOI = {10.3102/0162373711415262},
   url = {http://epa.sagepub.com/cgi/content/abstract/33/4/458
http://epa.sagepub.com/content/33/4/458.full.pdf},
   note = {internal-pdf://0562082420/Kelcey-2011-Assessing the Effects of Teachers’.pdf},
   year = {2011},
   type = {Journal Article}
}

@article{RN152,
   author = {Kelcey, Ben and Phelps, Geoffrey},
   title = {Considerations for Designing Group Randomized Trials of Professional Development With Teacher Knowledge Outcomes},
   journal = {Educational Evaluation and Policy Analysis},
   volume = {35},
   number = {3},
   pages = {370-390},
   DOI = {10.3102/0162373713482766},
   url = {http://epa.sagepub.com/cgi/content/abstract/35/3/370
http://epa.sagepub.com/content/35/3/370.full.pdf},
   note = {internal-pdf://3502619517/Kelcey-2013-Considerations for Designing Group.pdf},
   year = {2013},
   type = {Journal Article}
}

@article{RN351,
   author = {Kelley, C.},
   title = {Teacher compensation and organization},
   journal = {Educational Evaluation and Policy Analysis},
   volume = {19},
   number = {1},
   pages = {15-28},
   ISSN = {0162-3737},
   url = {<Go to ISI>://WOS:A1997WN50100002},
   year = {1997},
   type = {Journal Article}
}

@article{RN286,
   author = {Kennedy, M. M.},
   title = {Approximations to indicators of student outcomes},
   journal = {Educational Evaluation and Policy Analysis},
   volume = {21},
   number = {4},
   pages = {345-363},
   ISSN = {0162-3737},
   DOI = {10.2307/1164482},
   url = {<Go to ISI>://WOS:000085247000001},
   year = {1999},
   type = {Journal Article}
}

@article{RN64,
   author = {Kennedy, Mary M.},
   title = {Contributions of Qualitative Research to Research on Teacher Qualifications},
   journal = {Educational Evaluation and Policy Analysis},
   volume = {30},
   number = {4},
   pages = {344-367},
   DOI = {10.3102/0162373708326031},
   url = {http://epa.sagepub.com/cgi/content/abstract/30/4/344
http://epa.sagepub.com/content/30/4/344.full.pdf},
   note = {internal-pdf://4112298253/Kennedy-2008-Contributions of Qualitative Rese.pdf},
   year = {2008},
   type = {Journal Article}
}

@article{RN160,
   author = {Kim, James S.},
   title = {Effects of a Voluntary Summer Reading Intervention on Reading Achievement: Results From a Randomized Field Trial},
   journal = {Educational Evaluation and Policy Analysis},
   volume = {28},
   number = {4},
   pages = {335-355},
   DOI = {10.3102/01623737028004335},
   url = {http://epa.sagepub.com/cgi/content/abstract/28/4/335
http://epa.sagepub.com/content/28/4/335.full.pdf},
   note = {internal-pdf://3228548168/Kim-2006-Effects of a Voluntary Summer Reading.pdf},
   year = {2006},
   type = {Journal Article}
}

@article{RN138,
   author = {Kim, James S. and Capotosto, Lauren and Hartry, Ardice and Fitzgerald, Robert},
   title = {Can a Mixed-Method Literacy Intervention Improve the Reading Achievement of Low-Performing Elementary School Students in an After-School Program?: Results From a Randomized Controlled Trial of READ 180 Enterprise},
   journal = {Educational Evaluation and Policy Analysis},
   volume = {33},
   number = {2},
   pages = {183-201},
   DOI = {10.3102/0162373711399148},
   url = {http://epa.sagepub.com/cgi/content/abstract/33/2/183
http://epa.sagepub.com/content/33/2/183.full.pdf},
   note = {internal-pdf://0153205144/Kim-2011-Can a Mixed-Method Literacy Intervent.pdf},
   year = {2011},
   type = {Journal Article}
}

@article{RN307,
   author = {Kirby, S. N. and Berends, M. and Naftel, S.},
   title = {Supply and demand of minority teachers in Texas: Problems and prospects},
   journal = {Educational Evaluation and Policy Analysis},
   volume = {21},
   number = {1},
   pages = {47-66},
   ISSN = {0162-3737},
   DOI = {10.3102/01623737021001047},
   url = {<Go to ISI>://WOS:000079531000003},
   year = {1999},
   type = {Journal Article}
}

@article{RN128,
   author = {Kirshner, Ben and Gaertner, Matthew and Pozzoboni, Kristen},
   title = {Tracing Transitions: The Effect of High School Closure on Displaced Students},
   journal = {Educational Evaluation and Policy Analysis},
   volume = {32},
   number = {3},
   pages = {407-429},
   DOI = {10.3102/0162373710376823},
   url = {http://epa.sagepub.com/cgi/content/abstract/32/3/407
http://epa.sagepub.com/content/32/3/407.full.pdf},
   note = {internal-pdf://3115432110/Kirshner-2010-Tracing Transitions_ The Effect.pdf},
   year = {2010},
   type = {Journal Article}
}

@article{RN344,
   author = {Klein, S. P. and Jovanovic, J. and Stecher, B. M. and McCaffrey, D. and Shavelson, R. J. and Haertel, E. and SolanoFlores, G. and Comfort, K.},
   title = {Gender and racial/ethnic differences on performance assessments in science},
   journal = {Educational Evaluation and Policy Analysis},
   volume = {19},
   number = {2},
   pages = {83-97},
   ISSN = {0162-3737},
   DOI = {10.3102/01623737019002083},
   url = {<Go to ISI>://WOS:A1997XE01200001},
   year = {1997},
   type = {Journal Article}
}

@article{RN139,
   author = {Konstantopoulos, Spyros and Miller, Shazia Rafiullah and van der Ploeg, Arie},
   title = {The Impact of Indiana’s System of Interim Assessments on Mathematics and Reading Achievement},
   journal = {Educational Evaluation and Policy Analysis},
   volume = {35},
   number = {4},
   pages = {481-499},
   DOI = {10.3102/0162373713498930},
   url = {http://epa.sagepub.com/cgi/content/abstract/35/4/481
http://epa.sagepub.com/content/35/4/481.full.pdf},
   note = {internal-pdf://3440294327/Konstantopoulos-2013-The Impact of Indiana’s S.pdf},
   year = {2013},
   type = {Journal Article}
}

@article{RN384,
   author = {Koretz, D.},
   title = {THE QUALITY OF INFORMATION FROM NAEP - 2 EXAMPLES OF WORK DONE IN COLLABORATION WITH BURSTEIN,LEIGH},
   journal = {Educational Evaluation and Policy Analysis},
   volume = {17},
   number = {3},
   pages = {280-294},
   ISSN = {0162-3737},
   url = {<Go to ISI>://WOS:A1995RW98500003},
   year = {1995},
   type = {Journal Article}
}

@article{RN271,
   author = {Koretz, D. and Hamilton, L.},
   title = {Assessment of students with disabilities in Kentucky: Inclusion, student performance, and validity},
   journal = {Educational Evaluation and Policy Analysis},
   volume = {22},
   number = {3},
   pages = {255-272},
   ISSN = {0162-3737},
   url = {<Go to ISI>://WOS:000089946600003},
   year = {2000},
   type = {Journal Article}
}

@article{RN91,
   author = {Koski, William S. and Horng, Elieen L.},
   title = {Keeping Sight of the Forest Through the Trees: Response to “Collective Bargaining, Transfer Rights, and Disadvantaged Schools”},
   journal = {Educational Evaluation and Policy Analysis},
   volume = {36},
   number = {1},
   pages = {112-119},
   DOI = {10.3102/0162373713518660},
   url = {http://epa.sagepub.com/cgi/content/abstract/36/1/112
http://epa.sagepub.com/content/36/1/112.full.pdf},
   note = {internal-pdf://2277487611/Koski-2014-Keeping Sight of the Forest Through.pdf},
   year = {2014},
   type = {Journal Article}
}

@article{RN293,
   author = {Kuh, G. D. and Hu, S. P.},
   title = {Unraveling the complexity of the increase in college grades from the mid-1980s to the mid-1990s},
   journal = {Educational Evaluation and Policy Analysis},
   volume = {21},
   number = {3},
   pages = {297-320},
   ISSN = {0162-3737},
   DOI = {10.3102/01623737021003297},
   url = {<Go to ISI>://WOS:000083870000003},
   year = {1999},
   type = {Journal Article}
}

@article{RN215,
   author = {Kupermintz, H.},
   title = {Teacher effects and teacher effectiveness: A validity investigation of the Tennessee Value Added Assessment System},
   journal = {Educational Evaluation and Policy Analysis},
   volume = {25},
   number = {3},
   pages = {287-298},
   ISSN = {0162-3737},
   DOI = {10.3102/01623737025003287},
   url = {<Go to ISI>://WOS:000186648500003},
   year = {2003},
   type = {Journal Article}
}

@article{RN241,
   author = {Lacireno-Paquet, N. and Holyoke, T. T. and Moser, M. and Henig, J. R.},
   title = {Creaming versus cropping: Charter school enrollment practices in response to market incentives},
   journal = {Educational Evaluation and Policy Analysis},
   volume = {24},
   number = {2},
   pages = {145-158},
   ISSN = {0162-3737},
   DOI = {10.3102/01623737024002145},
   url = {<Go to ISI>://WOS:000178374600004},
   year = {2002},
   type = {Journal Article}
}

@article{RN26,
   author = {Ladd, Helen F.},
   title = {Teachers’ Perceptions of Their Working Conditions: How Predictive of Planned and Actual Teacher Movement?},
   journal = {Educational Evaluation and Policy Analysis},
   volume = {33},
   number = {2},
   pages = {235-261},
   DOI = {10.3102/0162373711398128},
   url = {http://epa.sagepub.com/cgi/content/abstract/33/2/235
http://epa.sagepub.com/content/33/2/235.full.pdf},
   note = {internal-pdf://1855105419/Ladd-2011-Teachers’ Perceptions of Their Worki.pdf},
   year = {2011},
   type = {Journal Article}
}

@article{RN228,
   author = {Ladd, H. F. and Fiske, E. B.},
   title = {Does competition improve teaching and learning? Evidence from New Zealand},
   journal = {Educational Evaluation and Policy Analysis},
   volume = {25},
   number = {1},
   pages = {97-112},
   ISSN = {0162-3737},
   DOI = {10.3102/01623737025001095},
   url = {<Go to ISI>://WOS:000184120400005},
   year = {2003},
   type = {Journal Article}
}

@article{RN244,
   author = {Lankford, H. and Loeb, S. and Wyckoff, J.},
   title = {Teacher sorting and the plight of urban schools: A descriptive analysis},
   journal = {Educational Evaluation and Policy Analysis},
   volume = {24},
   number = {1},
   pages = {37-62},
   ISSN = {0162-3737},
   DOI = {10.3102/01623737024001037},
   url = {<Go to ISI>://WOS:000178224100003},
   year = {2002},
   type = {Journal Article}
}

@article{RN395,
   author = {Lankford, H. and Wyckoff, J.},
   title = {WHERE HAS THE MONEY GONE - AN ANALYSIS OF SCHOOL-DISTRICT SPENDING IN NEW-YORK},
   journal = {Educational Evaluation and Policy Analysis},
   volume = {17},
   number = {2},
   pages = {195-218},
   ISSN = {0162-3737},
   DOI = {10.3102/01623737017002195},
   url = {<Go to ISI>://WOS:A1995RD34200005},
   year = {1995},
   type = {Journal Article}
}

@article{RN141,
   author = {Lara, Bernardo and Mizala, Alejandra and Repetto, Andrea},
   title = {The Effectiveness of Private Voucher Education: Evidence From Structural School Switches},
   journal = {Educational Evaluation and Policy Analysis},
   volume = {33},
   number = {2},
   pages = {119-137},
   DOI = {10.3102/0162373711402990},
   url = {http://epa.sagepub.com/cgi/content/abstract/33/2/119
http://epa.sagepub.com/content/33/2/119.full.pdf},
   note = {internal-pdf://1206499799/Lara-2011-The Effectiveness of Private Voucher.pdf},
   year = {2011},
   type = {Journal Article}
}

@article{RN173,
   author = {Lauen, Douglas Lee},
   title = {Acknowledgements
To Choose or not to Choose: High School Choice and Graduation in Chicago},
   journal = {Educational Evaluation and Policy Analysis},
   volume = {31},
   number = {4},
   pages = {507-509},
   DOI = {10.3102/0162373709355240
10.3102/0162373709339058},
   url = {http://epa.sagepub.com/cgi/content/short/31/4/507
http://epa.sagepub.com/cgi/content/abstract/31/3/179
http://epa.sagepub.com/content/31/4/507.full.pdf},
   note = {internal-pdf://1013169614/Lauen-2009-Acknowledgements.pdf},
   year = {2009},
   type = {Journal Article}
}

@article{RN157,
   author = {Lauen, Douglas Lee and Gaddis, S. Michael},
   title = {Shining a Light or Fumbling in the Dark? The Effects of NCLB’s Subgroup-Specific Accountability on Student Achievement},
   journal = {Educational Evaluation and Policy Analysis},
   volume = {34},
   number = {2},
   pages = {185-208},
   DOI = {10.3102/0162373711429989},
   url = {http://epa.sagepub.com/cgi/content/abstract/34/2/185
http://epa.sagepub.com/content/34/2/185.full.pdf},
   note = {internal-pdf://0746765321/Lauen-2012-Shining a Light or Fumbling in the.pdf},
   year = {2012},
   type = {Journal Article}
}

@article{RN151,
   author = {Le, Vi-Nhuan and Lockwood, J. R. and Stecher, Brian M. and Hamilton, Laura S. and Martinez, Jose Felipe},
   title = {A Longitudinal Investigation of the Relationship between Teachers’ Self-Reports of Reform-Oriented Instruction and Mathematics and Science Achievement},
   journal = {Educational Evaluation and Policy Analysis},
   volume = {31},
   number = {3},
   pages = {200-220},
   DOI = {10.3102/0162373709336238},
   url = {http://epa.sagepub.com/cgi/content/abstract/31/3/200
http://epa.sagepub.com/content/31/3/200.full.pdf},
   note = {internal-pdf://4076059470/Le-2009-A Longitudinal Investigation of the Re.pdf},
   year = {2009},
   type = {Journal Article}
}

@article{RN115,
   author = {Lee, Jaekyung and Reeves, Todd},
   title = {Revisiting the Impact of NCLB High-Stakes School Accountability, Capacity, and Resources: State NAEP 1990–2009 Reading and Math Achievement Gaps and Trends},
   journal = {Educational Evaluation and Policy Analysis},
   volume = {34},
   number = {2},
   pages = {209-231},
   DOI = {10.3102/0162373711431604},
   url = {http://epa.sagepub.com/cgi/content/abstract/34/2/209
http://epa.sagepub.com/content/34/2/209.full.pdf},
   note = {internal-pdf://4218140486/Lee-2012-Revisiting the Impact of NCLB High-St.pdf},
   year = {2012},
   type = {Journal Article}
}

@article{RN352,
   author = {Lee, J. K.},
   title = {State activism in education reform: Applying the Rasch model to measure trends and examine policy coherence},
   journal = {Educational Evaluation and Policy Analysis},
   volume = {19},
   number = {1},
   pages = {29-43},
   ISSN = {0162-3737},
   url = {<Go to ISI>://WOS:A1997WN50100003},
   year = {1997},
   type = {Journal Article}
}

@article{RN345,
   author = {Lee, V. E. and Croninger, R. G. and Smith, J. B.},
   title = {Course-taking, equity, and mathematics learning: Testing the constrained curriculum hypothesis in US secondary schools},
   journal = {Educational Evaluation and Policy Analysis},
   volume = {19},
   number = {2},
   pages = {99-121},
   ISSN = {0162-3737},
   DOI = {10.3102/01623737019002099},
   url = {<Go to ISI>://WOS:A1997XE01200002},
   year = {1997},
   type = {Journal Article}
}

@article{RN402,
   author = {Lee, V. E. and Loeb, S.},
   title = {WHERE DO HEAD-START ATTENDEES END UP - ONE REASON WHY PRESCHOOL EFFECTS FADE OUT},
   journal = {Educational Evaluation and Policy Analysis},
   volume = {17},
   number = {1},
   pages = {62-82},
   ISSN = {0162-3737},
   url = {<Go to ISI>://WOS:A1995QM49100004},
   year = {1995},
   type = {Journal Article}
}

@article{RN249,
   author = {Lee, V. E. and Ready, D. D. and Johnson, D. J.},
   title = {The difficulty of identifying rare samples to study: The case of high schools divided into schools-within-schools},
   journal = {Educational Evaluation and Policy Analysis},
   volume = {23},
   number = {4},
   pages = {365-379},
   ISSN = {0162-3737},
   DOI = {10.3102/01623737023004365},
   url = {<Go to ISI>://WOS:000178224000004},
   year = {2001},
   type = {Journal Article}
}

@article{RN276,
   author = {Lee, V. E. and Smerdon, B. A. and Alfeld-Liro, C. and Brown, S. L.},
   title = {Inside large and small high schools: Curriculum and social relations},
   journal = {Educational Evaluation and Policy Analysis},
   volume = {22},
   number = {2},
   pages = {147-171},
   ISSN = {0162-3737},
   DOI = {10.2307/1164393},
   url = {<Go to ISI>://WOS:000088681100004},
   year = {2000},
   type = {Journal Article}
}

@article{RN339,
   author = {Lee, V. E. and Smith, J. B.},
   title = {High school size: Which works best and for whom?},
   journal = {Educational Evaluation and Policy Analysis},
   volume = {19},
   number = {3},
   pages = {205-227},
   ISSN = {0162-3737},
   DOI = {10.3102/01623737019003205},
   url = {<Go to ISI>://WOS:A1997XY42600001},
   year = {1997},
   type = {Journal Article}
}

@article{RN92,
   author = {Lefgren, Lars and Sims, David},
   title = {Using Subject Test Scores Efficiently to Predict Teacher Value-Added},
   journal = {Educational Evaluation and Policy Analysis},
   volume = {34},
   number = {1},
   pages = {109-121},
   DOI = {10.3102/0162373711422377},
   url = {http://epa.sagepub.com/cgi/content/abstract/34/1/109
http://epa.sagepub.com/content/34/1/109.full.pdf},
   note = {internal-pdf://0126661642/Lefgren-2012-Using Subject Test Scores Efficie.pdf},
   year = {2012},
   type = {Journal Article}
}

@article{RN313,
   author = {LeTendre, G. K. and Rohlen, T. P. and Zeng, K. M.},
   title = {Merit or family background? Problems in research policy initiatives in Japan},
   journal = {Educational Evaluation and Policy Analysis},
   volume = {20},
   number = {4},
   pages = {285-297},
   ISSN = {0162-3737},
   DOI = {10.2307/1164326},
   url = {<Go to ISI>://WOS:000078026600004},
   year = {1998},
   type = {Journal Article}
}

@article{RN234,
   author = {Levin, H. M.},
   title = {A comprehensive framework for evaluating educational vouchers},
   journal = {Educational Evaluation and Policy Analysis},
   volume = {24},
   number = {3},
   pages = {159-174},
   ISSN = {0162-3737},
   DOI = {10.3102/01623737024003159},
   url = {<Go to ISI>://WOS:000180508300001},
   year = {2002},
   type = {Journal Article}
}

@article{RN96,
   author = {Levine, Felice J.},
   title = {Erratum
AERA Announcement},
   journal = {Educational Evaluation and Policy Analysis},
   volume = {29},
   number = {2},
   pages = {151},
   DOI = {10.3102/0162373707303516
10.3102/01623737029001003},
   url = {http://epa.sagepub.com/cgi/content/short/29/2/151
http://epa.sagepub.com/cgi/content/short/29/1/3
http://epa.sagepub.com/content/29/2/151.full.pdf},
   note = {internal-pdf://3393238198/Levine-2007-Erratum.pdf},
   year = {2007},
   type = {Journal Article}
}

@article{RN71,
   author = {Liang, Jian-Hua and Heckman, Paul E. and Abedi, Jamal},
   title = {What Do the California Standards Test Results Reveal About the Movement Toward Eighth-Grade Algebra for All?},
   journal = {Educational Evaluation and Policy Analysis},
   volume = {34},
   number = {3},
   pages = {328-343},
   DOI = {10.3102/0162373712443307},
   url = {http://epa.sagepub.com/cgi/content/abstract/34/3/328
http://epa.sagepub.com/content/34/3/328.full.pdf},
   note = {internal-pdf://2980884952/Liang-2012-What Do the California Standards Te.pdf},
   year = {2012},
   type = {Journal Article}
}

@article{RN25,
   author = {Lincove, Jane Arnold and Painter, Gary},
   title = {Does the Age That Children Start Kindergarten Matter? Evidence of Long-Term Educational and Social Outcomes},
   journal = {Educational Evaluation and Policy Analysis},
   volume = {28},
   number = {2},
   pages = {153-179},
   DOI = {10.3102/01623737028002153},
   url = {http://epa.sagepub.com/cgi/content/abstract/28/2/153
http://epa.sagepub.com/content/28/2/153.full.pdf},
   note = {internal-pdf://3295390075/Lincove-2006-Does the Age That Children Start.pdf},
   year = {2006},
   type = {Journal Article}
}

@article{RN377,
   author = {Linn, R. L. and Baker, E. L.},
   title = {What do international assessments imply for world-class standards?},
   journal = {Educational Evaluation and Policy Analysis},
   volume = {17},
   number = {4},
   pages = {405-418},
   ISSN = {0162-3737},
   DOI = {10.2307/1164435},
   url = {<Go to ISI>://WOS:A1995TL30500001},
   year = {1995},
   type = {Journal Article}
}

@article{RN243,
   author = {Linn, R. L. and Haug, C.},
   title = {Stability of school-building accountability scores and gains},
   journal = {Educational Evaluation and Policy Analysis},
   volume = {24},
   number = {1},
   pages = {29-36},
   ISSN = {0162-3737},
   DOI = {10.3102/01623737024001029},
   url = {<Go to ISI>://WOS:000178224100002},
   year = {2002},
   type = {Journal Article}
}

@article{RN375,
   author = {Linnehan, F.},
   title = {Measuring the effectiveness of a career academy program from an employer's perspective},
   journal = {Educational Evaluation and Policy Analysis},
   volume = {18},
   number = {1},
   pages = {73-89},
   ISSN = {0162-3737},
   url = {<Go to ISI>://WOS:A1996VB89100005},
   year = {1996},
   type = {Journal Article}
}

@article{RN194,
   author = {Liu, E. and Johnson, S. M. and Peske, H. G.},
   title = {New teachers and the Massachusetts signing bonus: The limits of inducements},
   journal = {Educational Evaluation and Policy Analysis},
   volume = {26},
   number = {3},
   pages = {217-236},
   ISSN = {0162-3737},
   DOI = {10.3102/01623737026003217},
   url = {<Go to ISI>://WOS:000225448800002},
   year = {2004},
   type = {Journal Article}
}

@article{RN56,
   author = {Lockwood, J. R. and McCombs, Jennifer Sloan and Marsh, Julie},
   title = {Linking Reading Coaches and Student Achievement: Evidence From Florida Middle Schools},
   journal = {Educational Evaluation and Policy Analysis},
   volume = {32},
   number = {3},
   pages = {372-388},
   DOI = {10.3102/0162373710373388},
   url = {http://epa.sagepub.com/cgi/content/abstract/32/3/372
http://epa.sagepub.com/content/32/3/372.full.pdf},
   note = {internal-pdf://1744547827/Lockwood-2010-Linking Reading Coaches and Stud.pdf},
   year = {2010},
   type = {Journal Article}
}

@article{RN93,
   author = {Loeb, Susanna and Kalogrides, Demetra and Horng, Eileen Lai},
   title = {Principal Preferences and the Uneven Distribution of Principals Across Schools},
   journal = {Educational Evaluation and Policy Analysis},
   volume = {32},
   number = {2},
   pages = {205-229},
   DOI = {10.3102/0162373710369833},
   url = {http://epa.sagepub.com/cgi/content/abstract/32/2/205
http://epa.sagepub.com/content/32/2/205.full.pdf},
   note = {internal-pdf://0357151786/Loeb-2010-Principal Preferences and the Uneven.pdf},
   year = {2010},
   type = {Journal Article}
}

@article{RN23,
   author = {Long, Bridget Terry and Kurlaender, Michal},
   title = {Do Community Colleges Provide a Viable Pathway to a Baccalaureate Degree?},
   journal = {Educational Evaluation and Policy Analysis},
   volume = {31},
   number = {1},
   pages = {30-53},
   DOI = {10.3102/0162373708327756},
   url = {http://epa.sagepub.com/cgi/content/abstract/31/1/30
http://epa.sagepub.com/content/31/1/30.full.pdf},
   note = {internal-pdf://2978392412/Long-2009-Do Community Colleges Provide a Viab.pdf},
   year = {2009},
   type = {Journal Article}
}

@article{RN130,
   author = {Long, Mark C. and Tienda, Marta},
   title = {Winners and Losers: Changes in Texas University Admissions Post-Hopwood},
   journal = {Educational Evaluation and Policy Analysis},
   volume = {30},
   number = {3},
   pages = {255-280},
   DOI = {10.3102/0162373708321384},
   url = {http://epa.sagepub.com/cgi/content/abstract/30/3/255
http://www.ncbi.nlm.nih.gov/pmc/articles/PMC3489016/pdf/nihms412437.pdf},
   note = {internal-pdf://0588822749/Long-2008-Winners and Losers_ Changes in Texas.pdf},
   year = {2008},
   type = {Journal Article}
}

@article{RN104,
   author = {Louis, Karen Seashore and Febey, Karen and Schroeder, Roger},
   title = {State-Mandated Accountability in High Schools: Teachers’ Interpretations of a New Era},
   journal = {Educational Evaluation and Policy Analysis},
   volume = {27},
   number = {2},
   pages = {177-204},
   DOI = {10.3102/01623737027002177},
   url = {http://epa.sagepub.com/cgi/content/abstract/27/2/177
http://epa.sagepub.com/content/27/2/177.full.pdf},
   note = {internal-pdf://4036605360/Louis-2005-State-Mandated Accountability in Hi.pdf},
   year = {2005},
   type = {Journal Article}
}

@article{RN365,
   author = {Louis, K. S. and Versloot, B.},
   title = {High standards and cultural diversity: Cautionary tales of comparative research - A comment on ''Benchmarking Education Standards''},
   journal = {Educational Evaluation and Policy Analysis},
   volume = {18},
   number = {3},
   pages = {253-261},
   ISSN = {0162-3737},
   url = {<Go to ISI>://WOS:A1996VH32300005},
   year = {1996},
   type = {Journal Article}
}

@article{RN327,
   author = {Loveless, T.},
   title = {Uneasy allies: The evolving relationship of school and state},
   journal = {Educational Evaluation and Policy Analysis},
   volume = {20},
   number = {1},
   pages = {1-8},
   ISSN = {0162-3737},
   url = {<Go to ISI>://WOS:000073447000001},
   year = {1998},
   type = {Journal Article}
}

@article{RN288,
   author = {Ludwig, J. and Bassi, L. J.},
   title = {The puzzling case of school resources and student achievement},
   journal = {Educational Evaluation and Policy Analysis},
   volume = {21},
   number = {4},
   pages = {385-403},
   ISSN = {0162-3737},
   DOI = {10.2307/1164484},
   url = {<Go to ISI>://WOS:000085247000003},
   year = {1999},
   type = {Journal Article}
}

@article{RN172,
   author = {Luginbuhl, Rob and Webbink, Dinand and de Wolf, Inge},
   title = {Do Inspections Improve Primary School Performance?},
   journal = {Educational Evaluation and Policy Analysis},
   volume = {31},
   number = {3},
   pages = {221-237},
   DOI = {10.3102/0162373709338315},
   url = {http://epa.sagepub.com/cgi/content/abstract/31/3/221
http://epa.sagepub.com/content/31/3/221.full.pdf},
   note = {internal-pdf://2896281007/Luginbuhl-2009-Do Inspections Improve Primary.pdf},
   year = {2009},
   type = {Journal Article}
}

@article{RN287,
   author = {Ma, X.},
   title = {Dropping out of advanced mathematics: How much do students and schools contribute to the problem?},
   journal = {Educational Evaluation and Policy Analysis},
   volume = {21},
   number = {4},
   pages = {365-383},
   ISSN = {0162-3737},
   DOI = {10.2307/1164483},
   url = {<Go to ISI>://WOS:000085247000002},
   year = {1999},
   type = {Journal Article}
}

@article{RN268,
   author = {Mac Iver, M. A. and Stringfield, S.},
   title = {Privatized delivery of instructional services for urban public school students placed at risk},
   journal = {Educational Evaluation and Policy Analysis},
   volume = {22},
   number = {4},
   pages = {375-382},
   ISSN = {0162-3737},
   DOI = {10.3102/01623737022004375},
   url = {<Go to ISI>://WOS:000176277400005},
   year = {2000},
   type = {Journal Article}
}

@article{RN239,
   author = {Malen, B. and Croninger, R. and Muncey, D. and Redmond-Jones, D.},
   title = {Reconstituting schools: "Testing" the "theory of action"},
   journal = {Educational Evaluation and Policy Analysis},
   volume = {24},
   number = {2},
   pages = {113-132},
   ISSN = {0162-3737},
   DOI = {10.3102/01623737024002113},
   url = {<Go to ISI>://WOS:000178374600002},
   year = {2002},
   type = {Journal Article}
}

@article{RN123,
   author = {Marcotte, Dave E. and Bailey, Thomas and Borkoski, Carey and Kienzl, Greg S.},
   title = {The Returns of a Community College Education: Evidence From the National Education Longitudinal Survey},
   journal = {Educational Evaluation and Policy Analysis},
   volume = {27},
   number = {2},
   pages = {157-175},
   DOI = {10.3102/01623737027002157},
   url = {http://epa.sagepub.com/cgi/content/abstract/27/2/157
http://epa.sagepub.com/content/27/2/157.full.pdf},
   note = {internal-pdf://3384064064/Marcotte-2005-The Returns of a Community Colle.pdf},
   year = {2005},
   type = {Journal Article}
}

@article{RN179,
   author = {Mariano, Louis T. and Martorell, Paco},
   title = {The Academic Effects of Summer Instruction and Retention in New York City},
   journal = {Educational Evaluation and Policy Analysis},
   volume = {35},
   number = {1},
   pages = {96-117},
   DOI = {10.3102/0162373712454327},
   url = {http://epa.sagepub.com/cgi/content/abstract/35/1/96
http://epa.sagepub.com/content/35/1/96.full.pdf},
   note = {internal-pdf://0913227371/Mariano-2013-The Academic Effects of Summer In.pdf},
   year = {2013},
   type = {Journal Article}
}

@article{RN341,
   author = {Marks, H. M. and Louis, K. S.},
   title = {Does teacher empowerment affect the classroom? The implications of teacher empowerment for instructional practice and student academic performance},
   journal = {Educational Evaluation and Policy Analysis},
   volume = {19},
   number = {3},
   pages = {245-275},
   ISSN = {0162-3737},
   DOI = {10.3102/01623737019003245},
   url = {<Go to ISI>://WOS:A1997XY42600003},
   year = {1997},
   type = {Journal Article}
}

@article{RN88,
   author = {Marsh, Julie},
   title = {The Micropolitics of Implementing a School-Based Bonus Policy: The Case of New York City’s Compensation Committees},
   journal = {Educational Evaluation and Policy Analysis},
   volume = {34},
   number = {2},
   pages = {164-184},
   DOI = {10.3102/0162373711428354},
   url = {http://epa.sagepub.com/cgi/content/abstract/34/2/164
http://epa.sagepub.com/content/34/2/164.full.pdf},
   note = {internal-pdf://1193063278/Marsh-2012-The Micropolitics of Implementing a.pdf},
   year = {2012},
   type = {Journal Article}
}

@article{RN59,
   author = {Matsumura, Lindsay Clare and Garnier, Helen E. and Resnick, Lauren B.},
   title = {Implementing Literacy Coaching: The Role of School Social Resources},
   journal = {Educational Evaluation and Policy Analysis},
   volume = {32},
   number = {2},
   pages = {249-272},
   DOI = {10.3102/0162373710363743},
   url = {http://epa.sagepub.com/cgi/content/abstract/32/2/249
http://epa.sagepub.com/content/32/2/249.full.pdf},
   note = {internal-pdf://1321644160/Matsumura-2010-Implementing Literacy Coaching_.pdf},
   year = {2010},
   type = {Journal Article}
}

@article{RN393,
   author = {Maxwell, N. L. and Lopus, J. S.},
   title = {A COST-EFFECTIVENESS ANALYSIS OF LARGE AND SMALL CLASSES IN THE UNIVERSITY},
   journal = {Educational Evaluation and Policy Analysis},
   volume = {17},
   number = {2},
   pages = {167-178},
   ISSN = {0162-3737},
   DOI = {10.2307/1164559},
   url = {<Go to ISI>://WOS:A1995RD34200003},
   year = {1995},
   type = {Journal Article}
}

@article{RN50,
   author = {May, Henry and Supovitz, Jonathan A.},
   title = {Capturing the Cumulative Effects of School Reform: An 11-Year Study of the Impacts of America’s Choice on Student Achievement},
   journal = {Educational Evaluation and Policy Analysis},
   volume = {28},
   number = {3},
   pages = {231-257},
   DOI = {10.3102/01623737028003231},
   url = {http://epa.sagepub.com/cgi/content/abstract/28/3/231
http://epa.sagepub.com/content/28/3/231.full.pdf},
   note = {internal-pdf://0430943993/May-2006-Capturing the Cumulative Effects of S.pdf},
   year = {2006},
   type = {Journal Article}
}

@article{RN322,
   author = {Mayer, D. P.},
   title = {Do new teaching standards undermine performance on old tests?},
   journal = {Educational Evaluation and Policy Analysis},
   volume = {20},
   number = {2},
   pages = {53-73},
   ISSN = {0162-3737},
   DOI = {10.3102/01623737020002053},
   url = {<Go to ISI>://WOS:000074877600002},
   year = {1998},
   type = {Journal Article}
}

@article{RN306,
   author = {Mayer, D. P.},
   title = {Measuring instructional practice: Can policymakers trust survey data?},
   journal = {Educational Evaluation and Policy Analysis},
   volume = {21},
   number = {1},
   pages = {29-45},
   ISSN = {0162-3737},
   DOI = {10.3102/01623737021001029},
   url = {<Go to ISI>://WOS:000079531000002},
   year = {1999},
   type = {Journal Article}
}

@article{RN284,
   author = {McDermott, K. A.},
   title = {Barriers to large-scale success of models for urban school reform},
   journal = {Educational Evaluation and Policy Analysis},
   volume = {22},
   number = {1},
   pages = {83-89},
   ISSN = {0162-3737},
   DOI = {10.2307/1164309},
   url = {<Go to ISI>://WOS:000086310300005},
   year = {2000},
   type = {Journal Article}
}

@article{RN386,
   author = {McDonnell, L. M.},
   title = {OPPORTUNITY TO LEARN AS A RESEARCH CONCEPT AND A POLICY INSTRUMENT},
   journal = {Educational Evaluation and Policy Analysis},
   volume = {17},
   number = {3},
   pages = {305-322},
   ISSN = {0162-3737},
   DOI = {10.2307/1164509},
   url = {<Go to ISI>://WOS:A1995RW98500005},
   year = {1995},
   type = {Journal Article}
}

@article{RN269,
   author = {McEwan, P. J. and Carnoy, M.},
   title = {The effectiveness and efficiency of private schools in Chile's voucher system},
   journal = {Educational Evaluation and Policy Analysis},
   volume = {22},
   number = {3},
   pages = {213-239},
   ISSN = {0162-3737},
   DOI = {10.2307/1164241},
   url = {<Go to ISI>://WOS:000089946600001},
   year = {2000},
   type = {Journal Article}
}

@article{RN211,
   author = {McGough, D. J.},
   title = {Leaders as learners: An inquiry into the formation and transformation of principals' professional perspectives},
   journal = {Educational Evaluation and Policy Analysis},
   volume = {25},
   number = {4},
   pages = {449-471},
   ISSN = {0162-3737},
   DOI = {10.3102/01623737025004449},
   url = {<Go to ISI>://WOS:000220893300006},
   year = {2003},
   type = {Journal Article}
}

@article{RN89,
   author = {McLendon, Michael K. and Hearn, James C. and Deaton, Russ},
   title = {Called to Account: Analyzing the Origins and Spread of State Performance-Accountability Policies for Higher Education},
   journal = {Educational Evaluation and Policy Analysis},
   volume = {28},
   number = {1},
   pages = {1-24},
   DOI = {10.3102/01623737028001001},
   url = {http://epa.sagepub.com/cgi/content/abstract/28/1/1
http://epa.sagepub.com/content/28/1/1.full.pdf},
   note = {internal-pdf://3065164717/McLendon-2006-Called to Account_ Analyzing the.pdf},
   year = {2006},
   type = {Journal Article}
}

@article{RN147,
   author = {Melguizo, Tatiana},
   title = {Are Students of Color More Likely to Graduate From College if They Attend More Selective Institutions?: Evidence From a Cohort of Recipients and Nonrecipients of the Gates Millennium Scholarship Program},
   journal = {Educational Evaluation and Policy Analysis},
   volume = {32},
   number = {2},
   pages = {230-248},
   DOI = {10.3102/0162373710367681},
   url = {http://epa.sagepub.com/cgi/content/abstract/32/2/230
http://epa.sagepub.com/content/32/2/230.full.pdf},
   note = {internal-pdf://1420737186/Melguizo-2010-Are Students of Color More Likel.pdf},
   year = {2010},
   type = {Journal Article}
}

@article{RN381,
   author = {Miles, K. H.},
   title = {Freeing resources for improving schools: A case study of teacher allocation in Boston public schools},
   journal = {Educational Evaluation and Policy Analysis},
   volume = {17},
   number = {4},
   pages = {476-493},
   ISSN = {0162-3737},
   DOI = {10.3102/01623737017004476},
   url = {<Go to ISI>://WOS:A1995TL30500005},
   year = {1995},
   type = {Journal Article}
}

@article{RN328,
   author = {Miles, K. H. and Darling-Hammond, L.},
   title = {Rethinking the allocation of teaching resources: Some lessons from high-performing schools},
   journal = {Educational Evaluation and Policy Analysis},
   volume = {20},
   number = {1},
   pages = {9-29},
   ISSN = {0162-3737},
   DOI = {10.3102/01623737020001009},
   url = {<Go to ISI>://WOS:000073447000002},
   year = {1998},
   type = {Journal Article}
}

@article{RN326,
   author = {Miles, K. H. and Darling-Hammond, L.},
   title = {Rethinking the allocation of teaching resources: Some lessons from high-performing schools (vol 20, pg 9, 1998)},
   journal = {Educational Evaluation and Policy Analysis},
   volume = {20},
   number = {2},
   pages = {U3-U3},
   ISSN = {0162-3737},
   url = {<Go to ISI>://WOS:000074877600001},
   year = {1998},
   type = {Journal Article}
}

@article{RN129,
   author = {Milesi, Carolina and Gamoran, Adam},
   title = {Erratum
Effects of Class Size and Instruction on Kindergarten Achievement},
   journal = {Educational Evaluation and Policy Analysis},
   volume = {29},
   number = {1},
   pages = {88},
   DOI = {10.3102/0162373707300847
10.3102/01623737028004287},
   url = {http://epa.sagepub.com/cgi/content/short/29/1/88
http://epa.sagepub.com/cgi/content/abstract/28/4/287
http://epa.sagepub.com/content/29/1/88.full.pdf},
   note = {internal-pdf://3333077197/Milesi-2007-Erratum.pdf},
   year = {2007},
   type = {Journal Article}
}

@article{RN113,
   author = {Miller, Raegen T. and Murnane, Richard J. and Willett, John B.},
   title = {Do Teacher Absences Impact Student Achievement? Longitudinal Evidence From One Urban School District},
   journal = {Educational Evaluation and Policy Analysis},
   volume = {30},
   number = {2},
   pages = {181-200},
   DOI = {10.3102/0162373708318019},
   url = {http://epa.sagepub.com/cgi/content/abstract/30/2/181
http://epa.sagepub.com/content/30/2/181.full.pdf},
   note = {internal-pdf://1764013848/Miller-2008-Do Teacher Absences Impact Student.pdf},
   year = {2008},
   type = {Journal Article}
}

@article{RN70,
   author = {Miller, Sarah and Connolly, Paul},
   title = {A Randomized Controlled Trial Evaluation of Time to Read, a Volunteer Tutoring Program for 8- to 9-Year-Olds},
   journal = {Educational Evaluation and Policy Analysis},
   volume = {35},
   number = {1},
   pages = {23-37},
   DOI = {10.3102/0162373712452628},
   url = {http://epa.sagepub.com/cgi/content/abstract/35/1/23
http://epa.sagepub.com/content/35/1/23.full.pdf},
   note = {internal-pdf://4071600569/Miller-2013-A Randomized Controlled Trial Eval.pdf},
   year = {2013},
   type = {Journal Article}
}

@article{RN314,
   author = {Miller, S. R.},
   title = {Shortcut: High school grades as a signal of human capital},
   journal = {Educational Evaluation and Policy Analysis},
   volume = {20},
   number = {4},
   pages = {299-311},
   ISSN = {0162-3737},
   DOI = {10.3102/01623737020004299},
   url = {<Go to ISI>://WOS:000078026600005},
   year = {1998},
   type = {Journal Article}
}

@article{RN292,
   author = {Mintrop, H.},
   title = {Changing core beliefs and practices through systemic reform: The case of Germany after the fall of socialism},
   journal = {Educational Evaluation and Policy Analysis},
   volume = {21},
   number = {3},
   pages = {271-296},
   ISSN = {0162-3737},
   DOI = {10.3102/01623737021003271},
   url = {<Go to ISI>://WOS:000083870000002},
   year = {1999},
   type = {Journal Article}
}

@article{RN125,
   author = {Mintrop, Heinrich and Trujillo, Tina},
   title = {The Practical Relevance of Accountability Systems for School Improvement: A Descriptive Analysis of California Schools},
   journal = {Educational Evaluation and Policy Analysis},
   volume = {29},
   number = {4},
   pages = {319-352},
   DOI = {10.3102/0162373707309219},
   url = {http://epa.sagepub.com/cgi/content/abstract/29/4/319
http://epa.sagepub.com/content/29/4/319.full.pdf},
   note = {internal-pdf://1280817263/Mintrop-2007-The Practical Relevance of Accoun.pdf},
   year = {2007},
   type = {Journal Article}
}

@article{RN196,
   author = {Miskel, C. and Song, M. L.},
   title = {Passing reading first: Prominence and processes in an elite policy network},
   journal = {Educational Evaluation and Policy Analysis},
   volume = {26},
   number = {2},
   pages = {89-109},
   ISSN = {0162-3737},
   DOI = {10.3102/01623737026002089},
   url = {<Go to ISI>://WOS:000224018000001},
   year = {2004},
   type = {Journal Article}
}

@article{RN378,
   author = {Mislevy, R. J.},
   title = {What can we learn from international assessments?},
   journal = {Educational Evaluation and Policy Analysis},
   volume = {17},
   number = {4},
   pages = {419-437},
   ISSN = {0162-3737},
   DOI = {10.3102/01623737017004419},
   url = {<Go to ISI>://WOS:A1995TL30500002},
   year = {1995},
   type = {Journal Article}
}

@article{RN374,
   author = {Mohrman, A. M. and Mohrman, S. A. and Odden, A. R.},
   title = {Aligning teacher compensation with systemic school reform: Skill-based pay and group-based performance rewards},
   journal = {Educational Evaluation and Policy Analysis},
   volume = {18},
   number = {1},
   pages = {51-71},
   ISSN = {0162-3737},
   DOI = {10.2307/1164230},
   url = {<Go to ISI>://WOS:A1996VB89100004},
   year = {1996},
   type = {Journal Article}
}

@article{RN33,
   author = {Mokher, Christine G.},
   title = {Do “Education Governors” Matter?: The Case of Statewide P–16 Education Councils},
   journal = {Educational Evaluation and Policy Analysis},
   volume = {32},
   number = {4},
   pages = {476-497},
   DOI = {10.3102/0162373710380740},
   url = {http://epa.sagepub.com/cgi/content/abstract/32/4/476
http://epa.sagepub.com/content/32/4/476.full.pdf},
   note = {internal-pdf://2162207287/Mokher-2010-Do “Education Governors” Matter__.pdf},
   year = {2010},
   type = {Journal Article}
}

@article{RN300,
   author = {Molnar, A. and Smith, P. and Zahorik, J. and Palmer, A. and Halbach, A. and Ehrle, K.},
   title = {Evaluating the SAGE program: A pilot program in targeted pupil-teacher reduction in Wisconsin},
   journal = {Educational Evaluation and Policy Analysis},
   volume = {21},
   number = {2},
   pages = {165-177},
   ISSN = {0162-3737},
   DOI = {10.2307/1164298},
   url = {<Go to ISI>://WOS:000082043900006},
   year = {1999},
   type = {Journal Article}
}

@article{RN280,
   author = {Monk, D. H. and Hussain, S.},
   title = {Structural influences on the internal allocation of school district resources: Evidence from New York State},
   journal = {Educational Evaluation and Policy Analysis},
   volume = {22},
   number = {1},
   pages = {1-26},
   ISSN = {0162-3737},
   url = {<Go to ISI>://WOS:000086310300001},
   year = {2000},
   type = {Journal Article}
}

@article{RN46,
   author = {Moss, Brian G. and Yeaton, William H.},
   title = {Shaping Policies Related to Developmental Education: An Evaluation Using the Regression-Discontinuity Design},
   journal = {Educational Evaluation and Policy Analysis},
   volume = {28},
   number = {3},
   pages = {215-229},
   DOI = {10.3102/01623737028003215},
   url = {http://epa.sagepub.com/cgi/content/abstract/28/3/215
http://epa.sagepub.com/content/28/3/215.full.pdf},
   note = {internal-pdf://0081701946/Moss-2006-Shaping Policies Related to Developm.pdf},
   year = {2006},
   type = {Journal Article}
}

@article{RN391,
   author = {Murnane, R. J. and Willett, J. B. and Boudett, K. P.},
   title = {DO HIGH-SCHOOL DROPOUTS BENEFIT FROM OBTAINING A GED},
   journal = {Educational Evaluation and Policy Analysis},
   volume = {17},
   number = {2},
   pages = {133-147},
   ISSN = {0162-3737},
   DOI = {10.3102/01623737017002133},
   url = {<Go to ISI>://WOS:A1995RD34200001},
   year = {1995},
   type = {Journal Article}
}

@article{RN120,
   author = {Murphy, Terrence E. and Gaughan, Monica and Hume, Robert and Moore, S. Gordon},
   title = {College Graduation Rates for Minority Students in a Selective Technical University: Will Participation in a Summer Bridge Program Contribute to Success?},
   journal = {Educational Evaluation and Policy Analysis},
   volume = {32},
   number = {1},
   pages = {70-83},
   DOI = {10.3102/0162373709360064},
   url = {http://epa.sagepub.com/cgi/content/abstract/32/1/70
http://www.ncbi.nlm.nih.gov/pmc/articles/PMC3489281/pdf/nihms411737.pdf},
   note = {internal-pdf://3205150706/Murphy-2010-College Graduation Rates for Minor.pdf},
   year = {2010},
   type = {Journal Article}
}

@article{RN390,
   author = {Muthen, B. and Huang, L. C. and Jo, B. and Khoo, S. T. and Goff, G. N. and Novak, J. R. and Shih, J. C.},
   title = {OPPORTUNITY-TO-LEARN EFFECTS ON ACHIEVEMENT - ANALYTICAL ASPECTS},
   journal = {Educational Evaluation and Policy Analysis},
   volume = {17},
   number = {3},
   pages = {371-403},
   ISSN = {0162-3737},
   DOI = {10.2307/1164513},
   url = {<Go to ISI>://WOS:A1995RW98500009},
   year = {1995},
   type = {Journal Article}
}

@article{RN246,
   author = {Newmann, F. M. and Smith, B. and Allensworth, E. and Bryk, A. S.},
   title = {Instructional program coherence: What it is and why it should guide school improvement policy},
   journal = {Educational Evaluation and Policy Analysis},
   volume = {23},
   number = {4},
   pages = {297-321},
   ISSN = {0162-3737},
   DOI = {10.3102/01623737023004297},
   url = {<Go to ISI>://WOS:000178224000001},
   year = {2001},
   type = {Journal Article}
}

@article{RN175,
   author = {Niu, Sunny X. and Tienda, Marta},
   title = {Minority Student Academic Performance Under the Uniform Admission Law: Evidence From The University of Texas at Austin},
   journal = {Educational Evaluation and Policy Analysis},
   volume = {32},
   number = {1},
   pages = {44-69},
   DOI = {10.3102/0162373709360063},
   url = {http://epa.sagepub.com/cgi/content/abstract/32/1/44
http://www.ncbi.nlm.nih.gov/pmc/articles/PMC3579572/pdf/nihms-417531.pdf},
   note = {internal-pdf://3632578045/Niu-2010-Minority Student Academic Performance.pdf},
   year = {2010},
   type = {Journal Article}
}

@article{RN8,
   author = {Nomi, Takako},
   title = {The Unintended Consequences of an Algebra-for-All Policy on High-Skill Students: Effects on Instructional Organization and Students’ Academic Outcomes},
   journal = {Educational Evaluation and Policy Analysis},
   volume = {34},
   number = {4},
   pages = {489-505},
   DOI = {10.3102/0162373712453869},
   url = {http://epa.sagepub.com/cgi/content/abstract/34/4/489
http://epa.sagepub.com/content/34/4/489.full.pdf},
   note = {internal-pdf://1999283963/Nomi-2012-The Unintended Consequences of an Al.pdf},
   year = {2012},
   type = {Journal Article}
}

@article{RN108,
   author = {Nores, Milagros and Belfield, Clive R. and Barnett, W. Steven and Schweinhart, Lawrence},
   title = {Updating the Economic Impacts of the High/Scope Perry Preschool Program},
   journal = {Educational Evaluation and Policy Analysis},
   volume = {27},
   number = {3},
   pages = {245-261},
   DOI = {10.3102/01623737027003245},
   url = {http://epa.sagepub.com/cgi/content/abstract/27/3/245
http://epa.sagepub.com/content/27/3/245.full.pdf},
   note = {internal-pdf://3144726108/Nores-2005-Updating the Economic Impacts of th.pdf},
   year = {2005},
   type = {Journal Article}
}

@article{RN298,
   author = {Nye, B. and Hedges, L. V. and Konstantopoulos, S.},
   title = {The long-term effects of small classes: A five-year follow-up of the Tennessee class size experiment},
   journal = {Educational Evaluation and Policy Analysis},
   volume = {21},
   number = {2},
   pages = {127-142},
   ISSN = {0162-3737},
   DOI = {10.3102/01623737021002127},
   url = {<Go to ISI>://WOS:000082043900004},
   year = {1999},
   type = {Journal Article}
}

@article{RN236,
   author = {Nye, B. and Hedges, L. V. and Konstantopoulos, S.},
   title = {Do low-achieving students benefit more from small classes? Evidence from the Tennessee class size experiment},
   journal = {Educational Evaluation and Policy Analysis},
   volume = {24},
   number = {3},
   pages = {201-217},
   ISSN = {0162-3737},
   DOI = {10.3102/01623737024003201},
   url = {<Go to ISI>://WOS:000180508300003},
   year = {2002},
   type = {Journal Article}
}

@article{RN195,
   author = {Nye, B. and Konstantopoulos, S. and Hedges, L. V.},
   title = {How large are teacher effects?},
   journal = {Educational Evaluation and Policy Analysis},
   volume = {26},
   number = {3},
   pages = {237-257},
   ISSN = {0162-3737},
   DOI = {10.3102/01623737026003237},
   url = {<Go to ISI>://WOS:000225448800003},
   year = {2004},
   type = {Journal Article}
}

@article{RN318,
   author = {Odden, A. and Clune, W. H.},
   title = {School finance systems: Aging structures in need of renovation},
   journal = {Educational Evaluation and Policy Analysis},
   volume = {20},
   number = {3},
   pages = {157-177},
   ISSN = {0162-3737},
   DOI = {10.2307/1164490},
   url = {<Go to ISI>://WOS:000076236700002},
   year = {1998},
   type = {Journal Article}
}

@article{RN140,
   author = {Ou, Suh-Ruu and Reynolds, Arthur J.},
   title = {Grade Retention, Postsecondary Education, and Public Aid Receipt},
   journal = {Educational Evaluation and Policy Analysis},
   volume = {32},
   number = {1},
   pages = {118-139},
   DOI = {10.3102/0162373709354334},
   url = {http://epa.sagepub.com/cgi/content/abstract/32/1/118
http://epa.sagepub.com/content/32/1/118.full.pdf},
   note = {internal-pdf://3338844615/Ou-2010-Grade Retention, Postsecondary Educati.pdf},
   year = {2010},
   type = {Journal Article}
}

@article{RN49,
   author = {Palardy, Gregory J. and Rumberger, Russell W.},
   title = {Teacher Effectiveness in First Grade: The Importance of Background Qualifications, Attitudes, and Instructional Practices for Student Learning},
   journal = {Educational Evaluation and Policy Analysis},
   volume = {30},
   number = {2},
   pages = {111-140},
   DOI = {10.3102/0162373708317680},
   url = {http://epa.sagepub.com/cgi/content/abstract/30/2/111
http://epa.sagepub.com/content/30/2/111.full.pdf},
   note = {internal-pdf://3128078058/Palardy-2008-Teacher Effectiveness in First Gr.pdf},
   year = {2008},
   type = {Journal Article}
}

@article{RN101,
   author = {Papay, John P. and Murnane, Richard J. and Willett, John B.},
   title = {The Consequences of High School Exit Examinations for Low-Performing Urban Students: Evidence From Massachusetts},
   journal = {Educational Evaluation and Policy Analysis},
   volume = {32},
   number = {1},
   pages = {5-23},
   DOI = {10.3102/0162373709352530},
   url = {http://epa.sagepub.com/cgi/content/abstract/32/1/5
http://epa.sagepub.com/content/32/1/5.full.pdf},
   note = {internal-pdf://0796833138/Papay-2010-The Consequences of High School Exi.pdf},
   year = {2010},
   type = {Journal Article}
}

@article{RN114,
   author = {Papay, John P. and West, Martin R. and Fullerton, Jon B. and Kane, Thomas J.},
   title = {Does an Urban Teacher Residency Increase Student Achievement? Early Evidence From Boston},
   journal = {Educational Evaluation and Policy Analysis},
   volume = {34},
   number = {4},
   pages = {413-434},
   DOI = {10.3102/0162373712454328},
   url = {http://epa.sagepub.com/cgi/content/abstract/34/4/413
http://epa.sagepub.com/content/34/4/413.full.pdf},
   note = {internal-pdf://2436085543/Papay-2012-Does an Urban Teacher Residency Inc.pdf},
   year = {2012},
   type = {Journal Article}
}

@article{RN403,
   author = {Pascarella, E. and Bohr, L. and Nora, A. and Terenzini, P.},
   title = {COGNITIVE EFFECTS OF 2-YEAR AND 4-YEAR COLLEGES - NEW EVIDENCE},
   journal = {Educational Evaluation and Policy Analysis},
   volume = {17},
   number = {1},
   pages = {83-96},
   ISSN = {0162-3737},
   DOI = {10.3102/01623737017001083},
   url = {<Go to ISI>://WOS:A1995QM49100005},
   year = {1995},
   type = {Journal Article}
}

@article{RN323,
   author = {Pascarella, E. T. and Edison, M. I. and Nora, A. and Hagedorn, L. S. and Terenzini, P. T.},
   title = {Does work inhibit cognitive development during college?},
   journal = {Educational Evaluation and Policy Analysis},
   volume = {20},
   number = {2},
   pages = {75-93},
   ISSN = {0162-3737},
   DOI = {10.2307/1164375},
   url = {<Go to ISI>://WOS:000074877600003},
   year = {1998},
   type = {Journal Article}
}

@article{RN95,
   author = {Pohl, Steffi and Steiner, Peter M. and Eisermann, Jens and Soellner, Renate and Cook, Thomas D.},
   title = {Unbiased Causal Inference From an Observational Study: Results of a Within-Study Comparison},
   journal = {Educational Evaluation and Policy Analysis},
   volume = {31},
   number = {4},
   pages = {463-479},
   DOI = {10.3102/0162373709343964},
   url = {http://epa.sagepub.com/cgi/content/abstract/31/4/463
http://epa.sagepub.com/content/31/4/463.full.pdf},
   note = {internal-pdf://0105100455/Pohl-2009-Unbiased Causal Inference From an Ob.pdf},
   year = {2009},
   type = {Journal Article}
}

@article{RN110,
   author = {Polikoff, Morgan S.},
   title = {The Association of State Policy Attributes With Teachers’ Instructional Alignment},
   journal = {Educational Evaluation and Policy Analysis},
   volume = {34},
   number = {3},
   pages = {278-294},
   DOI = {10.3102/0162373711431302},
   url = {http://epa.sagepub.com/cgi/content/abstract/34/3/278
http://epa.sagepub.com/content/34/3/278.full.pdf},
   note = {internal-pdf://3058611898/Polikoff-2012-The Association of State Policy.pdf},
   year = {2012},
   type = {Journal Article}
}

@article{RN252,
   author = {Pong, S. L. and Pallas, A.},
   title = {Class size and eighth-grade math achievement in the United States and abroad},
   journal = {Educational Evaluation and Policy Analysis},
   volume = {23},
   number = {3},
   pages = {251-273},
   ISSN = {0162-3737},
   DOI = {10.3102/01623737023003251},
   url = {<Go to ISI>://WOS:000178223800003},
   year = {2001},
   type = {Journal Article}
}

@article{RN135,
   author = {Porter, Andrew C. and Polikoff, Morgan S. and Smithson, John},
   title = {Is There a de Facto National Intended Curriculum? Evidence From State Content Standards},
   journal = {Educational Evaluation and Policy Analysis},
   volume = {31},
   number = {3},
   pages = {238-268},
   DOI = {10.3102/0162373709336465},
   url = {http://epa.sagepub.com/cgi/content/abstract/31/3/238
http://epa.sagepub.com/content/31/3/238.full.pdf},
   note = {internal-pdf://0446740826/Porter-2009-Is There a de Facto National Inten.pdf},
   year = {2009},
   type = {Journal Article}
}

@article{RN272,
   author = {Post, D. and Pong, S. L.},
   title = {Employment during middle school: The effects on academic achievement in the US. and abroad},
   journal = {Educational Evaluation and Policy Analysis},
   volume = {22},
   number = {3},
   pages = {273-298},
   ISSN = {0162-3737},
   DOI = {10.2307/1164244},
   url = {<Go to ISI>://WOS:000089946600004},
   year = {2000},
   type = {Journal Article}
}

@article{RN401,
   author = {Rafferty, Y.},
   title = {THE LEGAL-RIGHTS AND EDUCATIONAL-PROBLEMS OF HOMELESS CHILDREN AND YOUTH},
   journal = {Educational Evaluation and Policy Analysis},
   volume = {17},
   number = {1},
   pages = {39-61},
   ISSN = {0162-3737},
   DOI = {10.2307/1164269},
   url = {<Go to ISI>://WOS:A1995QM49100003},
   year = {1995},
   type = {Journal Article}
}

@article{RN311,
   author = {Raudenbush, S. W. and Fotiu, R. P. and Cheong, Y. F.},
   title = {Inequality of access to educational resources: A national report card for eighth-grade math},
   journal = {Educational Evaluation and Policy Analysis},
   volume = {20},
   number = {4},
   pages = {253-267},
   ISSN = {0162-3737},
   DOI = {10.3102/01623737020004253},
   url = {<Go to ISI>://WOS:000078026600002},
   year = {1998},
   type = {Journal Article}
}

@article{RN118,
   author = {Raudenbush, Stephen W. and Martinez, Andres and Spybrook, Jessaca},
   title = {Strategies for Improving Precision in Group-Randomized Experiments},
   journal = {Educational Evaluation and Policy Analysis},
   volume = {29},
   number = {1},
   pages = {5-29},
   DOI = {10.3102/0162373707299460},
   url = {http://epa.sagepub.com/cgi/content/abstract/29/1/5
http://epa.sagepub.com/content/29/1/5.full.pdf},
   note = {internal-pdf://0449689477/Raudenbush-2007-Strategies for Improving Preci.pdf},
   year = {2007},
   type = {Journal Article}
}

@article{RN213,
   author = {Ream, R. K.},
   title = {Counterfeit social capital and Mexican-American underachievement},
   journal = {Educational Evaluation and Policy Analysis},
   volume = {25},
   number = {3},
   pages = {237-262},
   ISSN = {0162-3737},
   DOI = {10.3102/01623737025003237},
   url = {<Go to ISI>://WOS:000186648500001},
   year = {2003},
   type = {Journal Article}
}

@article{RN112,
   author = {Reardon, Sean F. and Arshan, Nicole and Atteberry, Allison and Kurlaender, Michal},
   title = {Effects of Failing a High School Exit Exam on Course Taking, Achievement, Persistence, and Graduation},
   journal = {Educational Evaluation and Policy Analysis},
   volume = {32},
   number = {4},
   pages = {498-520},
   DOI = {10.3102/0162373710382655},
   url = {http://epa.sagepub.com/cgi/content/abstract/32/4/498
http://epa.sagepub.com/content/32/4/498.full.pdf},
   note = {internal-pdf://1592768248/Reardon-2010-Effects of Failing a High School.pdf},
   year = {2010},
   type = {Journal Article}
}

@article{RN41,
   author = {Reardon, Sean F. and Yun, John T. and Kurlaender, Michal},
   title = {Implications of Income-Based School Assignment Policies for Racial School Segregation},
   journal = {Educational Evaluation and Policy Analysis},
   volume = {28},
   number = {1},
   pages = {49-75},
   DOI = {10.3102/01623737028001049},
   url = {http://epa.sagepub.com/cgi/content/abstract/28/1/49
http://epa.sagepub.com/content/28/1/49.full.pdf},
   note = {internal-pdf://0432712544/Reardon-2006-Implications of Income-Based Scho.pdf},
   year = {2006},
   type = {Journal Article}
}

@article{RN55,
   author = {Reininger, Michelle},
   title = {Hometown Disadvantage? It Depends on Where You’re From: Teachers’ Location Preferences and the Implications for Staffing Schools},
   journal = {Educational Evaluation and Policy Analysis},
   volume = {34},
   number = {2},
   pages = {127-145},
   DOI = {10.3102/0162373711420864},
   url = {http://epa.sagepub.com/cgi/content/abstract/34/2/127
http://epa.sagepub.com/content/34/2/127.full.pdf},
   note = {internal-pdf://0340111316/Reininger-2012-Hometown Disadvantage_ It Depen.pdf},
   year = {2012},
   type = {Journal Article}
}

@article{RN379,
   author = {Resnick, L. B. and Nolan, K. J. and Resnick, D. P.},
   title = {Benchmarking education standards},
   journal = {Educational Evaluation and Policy Analysis},
   volume = {17},
   number = {4},
   pages = {438-461},
   ISSN = {0162-3737},
   DOI = {10.3102/01623737017004438},
   url = {<Go to ISI>://WOS:A1995TL30500003},
   year = {1995},
   type = {Journal Article}
}

@article{RN366,
   author = {Resnick, L. B. and Nolan, K. J. and Resnick, D. P.},
   title = {Caution heeded - A response to ''High standards and cultural diversity: Cautionary tales of comparative research''},
   journal = {Educational Evaluation and Policy Analysis},
   volume = {18},
   number = {3},
   pages = {262-264},
   ISSN = {0162-3737},
   url = {<Go to ISI>://WOS:A1996VH32300006},
   year = {1996},
   type = {Journal Article}
}

@article{RN230,
   author = {Reynolds, A. J. and Temple, J. A. and Robertson, D. L. and Mann, E. A.},
   title = {Age 21 cost-benefit analysis of the Title I Chicago Child-Parent Centers},
   journal = {Educational Evaluation and Policy Analysis},
   volume = {24},
   number = {4},
   pages = {267-303},
   ISSN = {0162-3737},
   DOI = {10.3102/01623737024004267},
   url = {<Go to ISI>://WOS:000182629300002},
   year = {2002},
   type = {Journal Article}
}

@article{RN291,
   author = {Reynolds, A. J. and Wolfe, B.},
   title = {Special education and school achievement: An exploratory analysis with a central-city sample},
   journal = {Educational Evaluation and Policy Analysis},
   volume = {21},
   number = {3},
   pages = {249-269},
   ISSN = {0162-3737},
   DOI = {10.2307/1164235},
   url = {<Go to ISI>://WOS:000083870000001},
   year = {1999},
   type = {Journal Article}
}

@article{RN333,
   author = {Rice, J. K.},
   title = {Cost analysis in education: Paradox and possibility},
   journal = {Educational Evaluation and Policy Analysis},
   volume = {19},
   number = {4},
   pages = {309-317},
   ISSN = {0162-3737},
   DOI = {10.3102/01623737019004309},
   url = {<Go to ISI>://WOS:000072404500003},
   year = {1997},
   type = {Journal Article}
}

@article{RN303,
   author = {Rice, J. K.},
   title = {The impact of class size on instructional strategies and the use of time in high school mathematics and science courses},
   journal = {Educational Evaluation and Policy Analysis},
   volume = {21},
   number = {2},
   pages = {215-229},
   ISSN = {0162-3737},
   DOI = {10.2307/1164301},
   url = {<Go to ISI>://WOS:000082043900009},
   year = {1999},
   type = {Journal Article}
}

@article{RN353,
   author = {Riehl, C. and Byrd, M. A.},
   title = {Gender differences among new recruits to school administration: Cautionary footnotes to an optimistic tale},
   journal = {Educational Evaluation and Policy Analysis},
   volume = {19},
   number = {1},
   pages = {45-64},
   ISSN = {0162-3737},
   url = {<Go to ISI>://WOS:A1997WN50100004},
   year = {1997},
   type = {Journal Article}
}

@article{RN297,
   author = {Ritter, G. W. and Boruch, R. F.},
   title = {The political and institutional origins of a randomized controlled trial on elementary school class size: Tennessee's project STAR},
   journal = {Educational Evaluation and Policy Analysis},
   volume = {21},
   number = {2},
   pages = {111-125},
   ISSN = {0162-3737},
   DOI = {10.3102/01623737021002111},
   url = {<Go to ISI>://WOS:000082043900003},
   year = {1999},
   type = {Journal Article}
}

@article{RN142,
   author = {Roach, Andrew T. and Elliott, Stephen N.},
   title = {The Influence of Access to General Education Curriculum on Alternate Assessment Performance of Students With Significant Cognitive Disabilities},
   journal = {Educational Evaluation and Policy Analysis},
   volume = {28},
   number = {2},
   pages = {181-194},
   DOI = {10.3102/01623737028002181},
   url = {http://epa.sagepub.com/cgi/content/abstract/28/2/181
http://epa.sagepub.com/content/28/2/181.full.pdf},
   note = {internal-pdf://3310008806/Roach-2006-The Influence of Access to General.pdf},
   year = {2006},
   type = {Journal Article}
}

@article{RN133,
   author = {Robinson, Joseph P.},
   title = {Evidence of a Differential Effect of Ability Grouping on the Reading Achievement Growth of Language-Minority Hispanics},
   journal = {Educational Evaluation and Policy Analysis},
   volume = {30},
   number = {2},
   pages = {141-180},
   DOI = {10.3102/0162373708317742},
   url = {http://epa.sagepub.com/cgi/content/abstract/30/2/141
http://epa.sagepub.com/content/30/2/141.full.pdf},
   note = {internal-pdf://0547600667/Robinson-2008-Evidence of a Differential Effec.pdf},
   year = {2008},
   type = {Journal Article}
}

@article{RN148,
   author = {Robinson, Joseph P.},
   title = {Acknowledgments
Evaluating Criteria for English Learner Reclassification: A Causal-Effects Approach Using a Binding-Score Regression Discontinuity Design With Instrumental Variables},
   journal = {Educational Evaluation and Policy Analysis},
   volume = {33},
   number = {4},
   pages = {528-530},
   DOI = {10.3102/0162373711428577
10.3102/0162373711407912},
   url = {http://epa.sagepub.com/cgi/content/short/33/4/528
http://epa.sagepub.com/cgi/content/abstract/33/3/267
http://epa.sagepub.com/content/33/4/528.full.pdf},
   note = {internal-pdf://3233135297/Robinson-2011-Acknowledgments.pdf},
   year = {2011},
   type = {Journal Article}
}

@article{RN250,
   author = {Roderick, M. and Engel, M.},
   title = {The grasshopper and the ant: Motivational responses of low-achieving students to high-stakes testing},
   journal = {Educational Evaluation and Policy Analysis},
   volume = {23},
   number = {3},
   pages = {197-227},
   ISSN = {0162-3737},
   DOI = {10.3102/01623737023003197},
   url = {<Go to ISI>://WOS:000178223800001},
   year = {2001},
   type = {Journal Article}
}

@article{RN232,
   author = {Roderick, M. and Jacob, B. A. and Bryk, A. S.},
   title = {The impact of high-stakes testing in Chicago on student achievement in promotional gate grades},
   journal = {Educational Evaluation and Policy Analysis},
   volume = {24},
   number = {4},
   pages = {333-357},
   ISSN = {0162-3737},
   DOI = {10.3102/01623737024004333},
   url = {<Go to ISI>://WOS:000182629300004},
   year = {2002},
   type = {Journal Article}
}

@article{RN29,
   author = {Roderick, Melissa and Nagaoka, Jenny},
   title = {Retention Under Chicago’s High-Stakes Testing Program: Helpful, Harmful, or Harmless?},
   journal = {Educational Evaluation and Policy Analysis},
   volume = {27},
   number = {4},
   pages = {309-340},
   DOI = {10.3102/01623737027004309},
   url = {http://epa.sagepub.com/cgi/content/abstract/27/4/309
http://epa.sagepub.com/content/27/4/309.full.pdf},
   note = {internal-pdf://2709760473/Roderick-2005-Retention Under Chicago’s High-S.pdf},
   year = {2005},
   type = {Journal Article}
}

@article{RN47,
   author = {Roksa, Josipa and Keith, Bruce},
   title = {Credits, Time, and Attainment: Articulation Policies and Success After Transfer},
   journal = {Educational Evaluation and Policy Analysis},
   volume = {30},
   number = {3},
   pages = {236-254},
   DOI = {10.3102/0162373708321383},
   url = {http://epa.sagepub.com/cgi/content/abstract/30/3/236
http://epa.sagepub.com/content/30/3/236.full.pdf},
   note = {internal-pdf://4238388298/Roksa-2008-Credits, Time, and Attainment_ Arti.pdf},
   year = {2008},
   type = {Journal Article}
}

@article{RN87,
   author = {Ronfeldt, Matthew},
   title = {Where Should Student Teachers Learn to Teach?: Effects of Field Placement School Characteristics on Teacher Retention and Effectiveness},
   journal = {Educational Evaluation and Policy Analysis},
   volume = {34},
   number = {1},
   pages = {3-26},
   DOI = {10.3102/0162373711420865},
   url = {http://epa.sagepub.com/cgi/content/abstract/34/1/3
http://epa.sagepub.com/content/34/1/3.full.pdf},
   note = {internal-pdf://1086501711/Ronfeldt-2012-Where Should Student Teachers Le.pdf},
   year = {2012},
   type = {Journal Article}
}

@article{RN73,
   author = {Rose, Heather},
   title = {The Effects of Affirmative Action Programs: Evidence From the University of California at San Diego},
   journal = {Educational Evaluation and Policy Analysis},
   volume = {27},
   number = {3},
   pages = {263-289},
   DOI = {10.3102/01623737027003263},
   url = {http://epa.sagepub.com/cgi/content/abstract/27/3/263
http://epa.sagepub.com/content/27/3/263.full.pdf},
   note = {internal-pdf://1387115015/Rose-2005-The Effects of Affirmative Action Pr.pdf},
   year = {2005},
   type = {Journal Article}
}

@article{RN13,
   author = {Rose, Roderick A. and Woolley, Michael E. and Orthner, Dennis K. and Akos, Patrick T. and Jones-Sanpei, Hinckley A.},
   title = {Increasing Teacher Use of Career-Relevant Instruction: A Randomized Control Trial of CareerStart},
   journal = {Educational Evaluation and Policy Analysis},
   volume = {34},
   number = {3},
   pages = {295-312},
   DOI = {10.3102/0162373711431733},
   url = {http://epa.sagepub.com/cgi/content/abstract/34/3/295
http://epa.sagepub.com/content/34/3/295.full.pdf},
   note = {internal-pdf://0220506054/Rose-2012-Increasing Teacher Use of Career-Rel.pdf},
   year = {2012},
   type = {Journal Article}
}

@article{RN117,
   author = {Rupp, André A. and Lesaux, Nonie K.},
   title = {Meeting Expectations? An Empirical Investigation of a Standards-Based Assessment of Reading Comprehension},
   journal = {Educational Evaluation and Policy Analysis},
   volume = {28},
   number = {4},
   pages = {315-333},
   DOI = {10.3102/01623737028004315},
   url = {http://epa.sagepub.com/cgi/content/abstract/28/4/315
http://epa.sagepub.com/content/28/4/315.full.pdf},
   note = {internal-pdf://2730342246/Rupp-2006-Meeting Expectations_ An Empirical I.pdf},
   year = {2006},
   type = {Journal Article}
}

@article{RN273,
   author = {Sander, W.},
   title = {Catholic high schools and homework},
   journal = {Educational Evaluation and Policy Analysis},
   volume = {22},
   number = {3},
   pages = {299-311},
   ISSN = {0162-3737},
   DOI = {10.2307/1164245},
   url = {<Go to ISI>://WOS:000089946600005},
   year = {2000},
   type = {Journal Article}
}

@article{RN35,
   author = {Saunders, William M. and Marcelletti, David J.},
   title = {The Gap That Can’t Go Away: The Catch-22 of Reclassification in Monitoring the Progress of English Learners},
   journal = {Educational Evaluation and Policy Analysis},
   volume = {35},
   number = {2},
   pages = {139-156},
   DOI = {10.3102/0162373712461849},
   url = {http://epa.sagepub.com/cgi/content/abstract/35/2/139
http://epa.sagepub.com/content/35/2/139.full.pdf},
   note = {internal-pdf://4112951910/Saunders-2013-The Gap That Can’t Go Away_ The.pdf},
   year = {2013},
   type = {Journal Article}
}

@article{RN216,
   author = {Schiller, K. S. and Muller, C.},
   title = {Raising the bar and equity? Effects of state high school graduation requirements and accountability policies on students' mathematics course taking},
   journal = {Educational Evaluation and Policy Analysis},
   volume = {25},
   number = {3},
   pages = {299-318},
   ISSN = {0162-3737},
   DOI = {10.3102/01623737025003299},
   url = {<Go to ISI>://WOS:000186648500004},
   year = {2003},
   type = {Journal Article}
}

@article{RN388,
   author = {Schmidt, W. H. and McKnight, C. C.},
   title = {SURVEYING EDUCATIONAL-OPPORTUNITY IN MATHEMATICS AND SCIENCE - AN INTERNATIONAL PERSPECTIVE},
   journal = {Educational Evaluation and Policy Analysis},
   volume = {17},
   number = {3},
   pages = {337-353},
   ISSN = {0162-3737},
   DOI = {10.2307/1164511},
   url = {<Go to ISI>://WOS:A1995RW98500007},
   year = {1995},
   type = {Journal Article}
}

@article{RN309,
   author = {Schmidt, W. H. and Prawat, R. S.},
   title = {What does the third international mathematics and science study tell us about where to draw the line in the top-down versus bottom-up debate?},
   journal = {Educational Evaluation and Policy Analysis},
   volume = {21},
   number = {1},
   pages = {85-91},
   ISSN = {0162-3737},
   DOI = {10.2307/1164548},
   url = {<Go to ISI>://WOS:000079531000005},
   year = {1999},
   type = {Journal Article}
}

@article{RN372,
   author = {Schneider, B. and Schiller, K. S. and Coleman, J. S.},
   title = {Public school choice: Some evidence from The National Education Longitudinal Study of 1988},
   journal = {Educational Evaluation and Policy Analysis},
   volume = {18},
   number = {1},
   pages = {19-29},
   ISSN = {0162-3737},
   DOI = {10.2307/1164228},
   url = {<Go to ISI>://WOS:A1996VB89100002},
   year = {1996},
   type = {Journal Article}
}

@article{RN254,
   author = {Schneider, B. and Spillane, J.},
   title = {Editorial statement},
   journal = {Educational Evaluation and Policy Analysis},
   volume = {23},
   number = {2},
   pages = {97-97},
   ISSN = {0162-3737},
   DOI = {10.3102/01623737023002097},
   url = {<Go to ISI>://WOS:000178223600001},
   year = {2001},
   type = {Journal Article}
}

@article{RN240,
   author = {Schneider, M. and Buckley, J.},
   title = {What do parents want from schools? Evidence from the Internet},
   journal = {Educational Evaluation and Policy Analysis},
   volume = {24},
   number = {2},
   pages = {133-144},
   ISSN = {0162-3737},
   DOI = {10.3102/01623737024002133},
   url = {<Go to ISI>://WOS:000178374600003},
   year = {2002},
   type = {Journal Article}
}

@article{RN221,
   author = {Schneider, M. and Buckley, J.},
   title = {Making the grade: Comparing DC charter schools to other DC public schools},
   journal = {Educational Evaluation and Policy Analysis},
   volume = {25},
   number = {2},
   pages = {203-215},
   ISSN = {0162-3737},
   DOI = {10.3102/01623737025002203},
   url = {<Go to ISI>://WOS:000185750800004},
   year = {2003},
   type = {Journal Article}
}

@article{RN134,
   author = {Schultz, P. Wesley and Hernandez, Paul R. and Woodcock, Anna and Estrada, Mica and Chance, Randie C. and Aguilar, Maria and Serpe, Richard T.},
   title = {Patching the Pipeline: Reducing Educational Disparities in the Sciences Through Minority Training Programs},
   journal = {Educational Evaluation and Policy Analysis},
   volume = {33},
   number = {1},
   pages = {95-114},
   DOI = {10.3102/0162373710392371},
   url = {http://epa.sagepub.com/cgi/content/abstract/33/1/95
http://epa.sagepub.com/content/33/1/95.full.pdf},
   note = {internal-pdf://4194548011/Schultz-2011-Patching the Pipeline_ Reducing E.pdf},
   year = {2011},
   type = {Journal Article}
}

@article{RN191,
   author = {Schwartz, A. E. and Stiefel, L.},
   title = {Immigrants and the distribution of resources within an urban school district},
   journal = {Educational Evaluation and Policy Analysis},
   volume = {26},
   number = {4},
   pages = {303-327},
   ISSN = {0162-3737},
   DOI = {10.3102/01623737026004303},
   url = {<Go to ISI>://WOS:000226920000003},
   year = {2004},
   type = {Journal Article}
}

@article{RN74,
   author = {Schwartz, Amy Ellen and Stiefel, Leanna and Rubenstein, Ross and Zabel, Jeffrey},
   title = {The Path Not Taken: How Does School Organization Affect Eighth-Grade Achievement?},
   journal = {Educational Evaluation and Policy Analysis},
   volume = {33},
   number = {3},
   pages = {293-317},
   DOI = {10.3102/0162373711407062},
   url = {http://epa.sagepub.com/cgi/content/abstract/33/3/293
http://epa.sagepub.com/content/33/3/293.full.pdf},
   note = {internal-pdf://1532604966/Schwartz-2011-The Path Not Taken_ How Does Sch.pdf},
   year = {2011},
   type = {Journal Article}
}

@article{RN79,
   author = {Scott-Clayton, Judith},
   title = {The Causal Effect of Federal Work-Study Participation: Quasi-Experimental Evidence From West Virginia},
   journal = {Educational Evaluation and Policy Analysis},
   volume = {33},
   number = {4},
   pages = {506-527},
   DOI = {10.3102/0162373711421211},
   url = {http://epa.sagepub.com/cgi/content/abstract/33/4/506
http://epa.sagepub.com/content/33/4/506.full.pdf},
   note = {internal-pdf://2264773252/Scott-Clayton-2011-The Causal Effect of Federa.pdf},
   year = {2011},
   type = {Journal Article}
}

@article{RN214,
   author = {Seltzer, M. and Choi, K. and Thum, Y. M.},
   title = {Examining relationships between where students start and how rapidly they progress: Using new developments in growth modeling to gain insight into the distribution of achievement within schools},
   journal = {Educational Evaluation and Policy Analysis},
   volume = {25},
   number = {3},
   pages = {263-286},
   ISSN = {0162-3737},
   DOI = {10.3102/01623737025003263},
   url = {<Go to ISI>://WOS:000186648500002},
   year = {2003},
   type = {Journal Article}
}

@article{RN385,
   author = {Seltzer, M. H.},
   title = {FURTHERING OUR UNDERSTANDING OF THE EFFECTS OF EDUCATIONAL-PROGRAMS VIA A SLOPES-AS-OUTCOMES FRAMEWORK},
   journal = {Educational Evaluation and Policy Analysis},
   volume = {17},
   number = {3},
   pages = {295-304},
   ISSN = {0162-3737},
   DOI = {10.3102/01623737017003295},
   url = {<Go to ISI>://WOS:A1995RW98500004},
   year = {1995},
   type = {Journal Article}
}

@article{RN171,
   author = {Shager, Hilary M. and Schindler, Holly S. and Magnuson, Katherine A. and Duncan, Greg J. and Yoshikawa, Hirokazu and Hart, Cassandra M. D.},
   title = {Can Research Design Explain Variation in Head Start Research Results? A Meta-Analysis of Cognitive and Achievement Outcomes},
   journal = {Educational Evaluation and Policy Analysis},
   volume = {35},
   number = {1},
   pages = {76-95},
   DOI = {10.3102/0162373712462453},
   url = {http://epa.sagepub.com/cgi/content/abstract/35/1/76
http://epa.sagepub.com/content/35/1/76.full.pdf},
   note = {internal-pdf://3703487888/Shager-2013-Can Research Design Explain Variat.pdf},
   year = {2013},
   type = {Journal Article}
}

@article{RN383,
   author = {Shavelson, R. J. and Noreen, N. M.},
   title = {ON GETTING IT RIGHT},
   journal = {Educational Evaluation and Policy Analysis},
   volume = {17},
   number = {3},
   pages = {275-279},
   ISSN = {0162-3737},
   url = {<Go to ISI>://WOS:A1995RW98500002},
   year = {1995},
   type = {Journal Article}
}

@article{RN343,
   author = {Shaw, K. M.},
   title = {Remedial education as ideological battleground: Emerging remedial education policies in the community college},
   journal = {Educational Evaluation and Policy Analysis},
   volume = {19},
   number = {3},
   pages = {284-296},
   ISSN = {0162-3737},
   DOI = {10.3102/01623737019003284},
   url = {<Go to ISI>://WOS:A1997XY42600005},
   year = {1997},
   type = {Journal Article}
}

@article{RN342,
   author = {Shen, J. P.},
   title = {Has the alternative certification policy materialized its promise? A comparison between traditionally and alternatively certified teachers in public schools},
   journal = {Educational Evaluation and Policy Analysis},
   volume = {19},
   number = {3},
   pages = {276-283},
   ISSN = {0162-3737},
   url = {<Go to ISI>://WOS:A1997XY42600004},
   year = {1997},
   type = {Journal Article}
}

@article{RN316,
   author = {Shen, J. P.},
   title = {Alternative certification: A complicated research topic},
   journal = {Educational Evaluation and Policy Analysis},
   volume = {20},
   number = {4},
   pages = {316-319},
   ISSN = {0162-3737},
   url = {<Go to ISI>://WOS:000078026600007},
   year = {1998},
   type = {Journal Article}
}

@article{RN355,
   author = {Singer, J. D. and Willett, J. B.},
   title = {Methodological issues in the design of longitudinal research: Principles and recommendations for a quantitative study of teachers' careers},
   journal = {Educational Evaluation and Policy Analysis},
   volume = {18},
   number = {4},
   pages = {265-283},
   ISSN = {0162-3737},
   url = {<Go to ISI>://WOS:A1996VY25000001},
   year = {1996},
   type = {Journal Article}
}

@article{RN199,
   author = {Sipple, J. W. and Killeen, K. and Monk, D. H.},
   title = {Adoption and adaptation: School district responses to state imposed learning and graduation requirements},
   journal = {Educational Evaluation and Policy Analysis},
   volume = {26},
   number = {2},
   pages = {143-168},
   ISSN = {0162-3737},
   DOI = {10.3102/01623737026002143},
   url = {<Go to ISI>://WOS:000224018000004},
   year = {2004},
   type = {Journal Article}
}

@article{RN15,
   author = {Slavin, Robert and Smith, Dewi},
   title = {The Relationship Between Sample Sizes and Effect Sizes in Systematic Reviews in Education},
   journal = {Educational Evaluation and Policy Analysis},
   volume = {31},
   number = {4},
   pages = {500-506},
   DOI = {10.3102/0162373709352369},
   url = {http://epa.sagepub.com/cgi/content/abstract/31/4/500
http://epa.sagepub.com/content/31/4/500.full.pdf},
   note = {internal-pdf://3162482739/Slavin-2009-The Relationship Between Sample Si.pdf},
   year = {2009},
   type = {Journal Article}
}

@article{RN184,
   author = {Slavin, Robert E. and Madden, Nancy and Calderón, Margarita and Chamberlain, Anne and Hennessy, Megan},
   title = {Reading and Language Outcomes of a Multiyear Randomized Evaluation of Transitional Bilingual Education},
   journal = {Educational Evaluation and Policy Analysis},
   volume = {33},
   number = {1},
   pages = {47-58},
   DOI = {10.3102/0162373711398127},
   url = {http://epa.sagepub.com/cgi/content/abstract/33/1/47
http://epa.sagepub.com/content/33/1/47.full.pdf},
   note = {internal-pdf://2051915527/Slavin-2011-Reading and Language Outcomes of a.pdf},
   year = {2011},
   type = {Journal Article}
}

@article{RN363,
   author = {Smart, J. C. and StJohn, E. P.},
   title = {Organizational culture and effectiveness in higher education: A test of the ''culture type'' and ''strong culture'' hypotheses},
   journal = {Educational Evaluation and Policy Analysis},
   volume = {18},
   number = {3},
   pages = {219-241},
   ISSN = {0162-3737},
   url = {<Go to ISI>://WOS:A1996VH32300003},
   year = {1996},
   type = {Journal Article}
}

@article{RN369,
   author = {Smith, J. B.},
   title = {Does an extra year make any difference? The impact of early access to algebra on long-term gains in mathematics attainment},
   journal = {Educational Evaluation and Policy Analysis},
   volume = {18},
   number = {2},
   pages = {141-153},
   ISSN = {0162-3737},
   DOI = {10.3102/01623737018002141},
   url = {<Go to ISI>://WOS:A1996VB89400003},
   year = {1996},
   type = {Journal Article}
}

@article{RN274,
   author = {Smith, S. S. and Mickelson, R. A.},
   title = {All that glitters is not gold: School reform in Charlotte-Mecklenburg},
   journal = {Educational Evaluation and Policy Analysis},
   volume = {22},
   number = {2},
   pages = {101-127},
   ISSN = {0162-3737},
   DOI = {10.3102/01623737022002101},
   url = {<Go to ISI>://WOS:000088681100002},
   year = {2000},
   type = {Journal Article}
}

@article{RN106,
   author = {Smith, Thomas M. and Desimone, Laura M. and Ueno, Koji},
   title = {“Highly Qualified” to Do What? The Relationship Between NCLB Teacher Quality Mandates and the Use of Reform-Oriented Instruction in Middle School Mathematics},
   journal = {Educational Evaluation and Policy Analysis},
   volume = {27},
   number = {1},
   pages = {75-109},
   DOI = {10.3102/01623737027001075},
   url = {http://epa.sagepub.com/cgi/content/abstract/27/1/75
http://epa.sagepub.com/content/27/1/75.full.pdf},
   note = {internal-pdf://2512893454/Smith-2005-“Highly Qualified” to Do What_ The.pdf},
   year = {2005},
   type = {Journal Article}
}

@article{RN174,
   author = {Smith, Thomas M. and Desimone, Laura M. and Zeidner, Timothy L. and Dunn, Alfred C. and Bhatt, Monica and Rumyantseva, Nataliya L.},
   title = {Inquiry-Oriented Instruction in Science: Who Teaches That Way?},
   journal = {Educational Evaluation and Policy Analysis},
   volume = {29},
   number = {3},
   pages = {169-199},
   DOI = {10.3102/0162373707306025},
   url = {http://epa.sagepub.com/cgi/content/abstract/29/3/169
http://epa.sagepub.com/content/29/3/169.full.pdf},
   note = {internal-pdf://1282653678/Smith-2007-Inquiry-Oriented Instruction in Sci.pdf},
   year = {2007},
   type = {Journal Article}
}

@article{RN361,
   author = {Smylie, M. A. and Lazarus, V. and BrownleeConyers, J.},
   title = {Instructional outcomes of school-based participative decision making},
   journal = {Educational Evaluation and Policy Analysis},
   volume = {18},
   number = {3},
   pages = {181-198},
   ISSN = {0162-3737},
   DOI = {10.3102/01623737018003181},
   url = {<Go to ISI>://WOS:A1996VH32300001},
   year = {1996},
   type = {Journal Article}
}

@article{RN265,
   author = {Somers, P. and Hollis, J. M. and Stokes, T.},
   title = {The federal government as first creditor on student loans: Politics and policy},
   journal = {Educational Evaluation and Policy Analysis},
   volume = {22},
   number = {4},
   pages = {331-339},
   ISSN = {0162-3737},
   DOI = {10.3102/01623737022004331},
   url = {<Go to ISI>://WOS:000176277400002},
   year = {2000},
   type = {Journal Article}
}

@article{RN40,
   author = {Song, Mengli and Herman, Rebecca},
   title = {Acknowledgements
Critical Issues and Common Pitfalls in Designing and Conducting Impact Studies in Education: Lessons Learned From the What Works Clearinghouse (Phase I)},
   journal = {Educational Evaluation and Policy Analysis},
   volume = {32},
   number = {4},
   pages = {521-523},
   DOI = {10.3102/0162373710392179
10.3102/0162373710373389},
   url = {http://epa.sagepub.com/cgi/content/short/32/4/521
http://epa.sagepub.com/cgi/content/abstract/32/3/351
http://epa.sagepub.com/content/32/4/521.full.pdf},
   note = {internal-pdf://2983701328/Song-2010-Acknowledgements.pdf},
   year = {2010},
   type = {Journal Article}
}

@article{RN206,
   author = {Spillane, J. P.},
   title = {Educational leadership},
   journal = {Educational Evaluation and Policy Analysis},
   volume = {25},
   number = {4},
   pages = {343-346},
   ISSN = {0162-3737},
   DOI = {10.3102/01623737025004343},
   url = {<Go to ISI>://WOS:000220893300001},
   year = {2003},
   type = {Journal Article}
}

@article{RN200,
   author = {Spillane, J. P.},
   title = {Educational leadership},
   journal = {Educational Evaluation and Policy Analysis},
   volume = {26},
   number = {2},
   pages = {169-172},
   ISSN = {0162-3737},
   DOI = {10.3102/01623737026002169},
   url = {<Go to ISI>://WOS:000224018000005},
   year = {2004},
   type = {Journal Article}
}

@article{RN349,
   author = {Spillane, J. P. and Thompson, C. L.},
   title = {Reconstructing conceptions of local capacity: The local education agency's capacity for ambitious instructional reform},
   journal = {Educational Evaluation and Policy Analysis},
   volume = {19},
   number = {2},
   pages = {185-203},
   ISSN = {0162-3737},
   DOI = {10.2307/1164209},
   url = {<Go to ISI>://WOS:A1997XE01200006},
   year = {1997},
   type = {Journal Article}
}

@article{RN305,
   author = {Spillane, J. P. and Zeuli, J. S.},
   title = {Reform and teaching: Exploring patterns of practice in the context of national and state mathematics reforms},
   journal = {Educational Evaluation and Policy Analysis},
   volume = {21},
   number = {1},
   pages = {1-27},
   ISSN = {0162-3737},
   url = {<Go to ISI>://WOS:000079531000001},
   year = {1999},
   type = {Journal Article}
}

@article{RN162,
   author = {Springer, Matthew G. and Pane, John F. and Le, Vi-Nhuan and McCaffrey, Daniel F. and Burns, Susan Freeman and Hamilton, Laura S. and Stecher, Brian},
   title = {Team Pay for Performance: Experimental Evidence From the Round Rock Pilot Project on Team Incentives},
   journal = {Educational Evaluation and Policy Analysis},
   volume = {34},
   number = {4},
   pages = {367-390},
   DOI = {10.3102/0162373712439094},
   url = {http://epa.sagepub.com/cgi/content/abstract/34/4/367
http://epa.sagepub.com/content/34/4/367.full.pdf},
   note = {internal-pdf://0301251687/Springer-2012-Team Pay for Performance_ Experi.pdf},
   year = {2012},
   type = {Journal Article}
}

@article{RN30,
   author = {Spybrook, Jessaca and Raudenbush, Stephen W.},
   title = {An Examination of the Precision and Technical Accuracy of the First Wave of Group-Randomized Trials Funded by the Institute of Education Sciences},
   journal = {Educational Evaluation and Policy Analysis},
   volume = {31},
   number = {3},
   pages = {298-318},
   DOI = {10.3102/0162373709339524},
   url = {http://epa.sagepub.com/cgi/content/abstract/31/3/298
http://epa.sagepub.com/content/31/3/298.full.pdf},
   note = {internal-pdf://0064924152/Spybrook-2009-An Examination of the Precision.pdf},
   year = {2009},
   type = {Journal Article}
}

@article{RN290,
   author = {Stampen, J. O. and Hansen, W. L.},
   title = {Improving higher education access and persistence: New directions from a "systems" perspective},
   journal = {Educational Evaluation and Policy Analysis},
   volume = {21},
   number = {4},
   pages = {417-426},
   ISSN = {0162-3737},
   DOI = {10.3102/01623737021004417},
   url = {<Go to ISI>://WOS:000085247000005},
   year = {1999},
   type = {Journal Article}
}

@article{RN329,
   author = {Stasz, C. and Brewer, D. J.},
   title = {Work-based learning: Student perspectives on quality and links to school},
   journal = {Educational Evaluation and Policy Analysis},
   volume = {20},
   number = {1},
   pages = {31-46},
   ISSN = {0162-3737},
   DOI = {10.2307/1164289},
   url = {<Go to ISI>://WOS:000073447000003},
   year = {1998},
   type = {Journal Article}
}

@article{RN264,
   author = {Stasz, C. and Stecher, B. M.},
   title = {Teaching mathematics and language arts in reduced size and non-reduced size classrooms},
   journal = {Educational Evaluation and Policy Analysis},
   volume = {22},
   number = {4},
   pages = {313-329},
   ISSN = {0162-3737},
   DOI = {10.3102/01623737022004313},
   url = {<Go to ISI>://WOS:000176277400001},
   year = {2000},
   type = {Journal Article}
}

@article{RN21,
   author = {Stecher, Brian and Le, Vi-Nhuan and Hamilton, Laura and Ryan, Gery and Robyn, Abby and Lockwood, J. R.},
   title = {Using Structured Classroom Vignettes to Measure Instructional Practices in Mathematics},
   journal = {Educational Evaluation and Policy Analysis},
   volume = {28},
   number = {2},
   pages = {101-130},
   DOI = {10.3102/01623737028002101},
   url = {http://epa.sagepub.com/cgi/content/abstract/28/2/101
http://epa.sagepub.com/content/28/2/101.full.pdf},
   note = {internal-pdf://3327109421/Stecher-2006-Using Structured Classroom Vignet.pdf},
   year = {2006},
   type = {Journal Article}
}

@article{RN350,
   author = {Stecher, B. M. and Klein, S. P.},
   title = {The cost of science performance assessments in large-scale testing programs},
   journal = {Educational Evaluation and Policy Analysis},
   volume = {19},
   number = {1},
   pages = {1-14},
   ISSN = {0162-3737},
   url = {<Go to ISI>://WOS:A1997WN50100001},
   year = {1997},
   type = {Journal Article}
}

@article{RN210,
   author = {Stein, M. K. and Nelson, B. S.},
   title = {Leadership content knowledge},
   journal = {Educational Evaluation and Policy Analysis},
   volume = {25},
   number = {4},
   pages = {423-448},
   ISSN = {0162-3737},
   DOI = {10.3102/01623737025004423},
   url = {<Go to ISI>://WOS:000220893300005},
   year = {2003},
   type = {Journal Article}
}

@article{RN158,
   author = {Stein, Marc L. and Berends, Mark and Fuchs, Douglas and McMaster, Kristen and Sáenz, Laura and Yen, Loulee and Fuchs, Lynn S. and Compton, Donald L.},
   title = {Scaling Up an Early Reading Program: Relationships Among Teacher Support, Fidelity of Implementation, and Student Performance Across Different Sites and Years},
   journal = {Educational Evaluation and Policy Analysis},
   volume = {30},
   number = {4},
   pages = {368-388},
   DOI = {10.3102/0162373708322738},
   url = {http://epa.sagepub.com/cgi/content/abstract/30/4/368
http://epa.sagepub.com/content/30/4/368.full.pdf},
   note = {internal-pdf://1494858777/Stein-2008-Scaling Up an Early Reading Program.pdf},
   year = {2008},
   type = {Journal Article}
}

@article{RN127,
   author = {Steinberg, Matthew P.},
   title = {Educational Choice and Student Participation: The Case of the Supplemental Educational Services Provision in Chicago Public Schools},
   journal = {Educational Evaluation and Policy Analysis},
   volume = {33},
   number = {2},
   pages = {159-182},
   DOI = {10.3102/0162373711402991},
   url = {http://epa.sagepub.com/cgi/content/abstract/33/2/159
http://epa.sagepub.com/content/33/2/159.full.pdf},
   note = {internal-pdf://3174873231/Steinberg-2011-Educational Choice and Student.pdf},
   year = {2011},
   type = {Journal Article}
}

@article{RN68,
   author = {Stephan, Jennifer L. and Rosenbaum, James E.},
   title = {Can High Schools Reduce College Enrollment Gaps With a New Counseling Model?},
   journal = {Educational Evaluation and Policy Analysis},
   volume = {35},
   number = {2},
   pages = {200-219},
   DOI = {10.3102/0162373712462624},
   url = {http://epa.sagepub.com/cgi/content/abstract/35/2/200
http://epa.sagepub.com/content/35/2/200.full.pdf},
   note = {internal-pdf://0438350186/Stephan-2013-Can High Schools Reduce College E.pdf},
   year = {2013},
   type = {Journal Article}
}

@article{RN177,
   author = {Stevens, Peter A. J. and Van Houtte, Mieke},
   title = {Adapting to the System or the Student? Exploring Teacher Adaptations to Disadvantaged Students in an English and a Belgian Secondary School},
   journal = {Educational Evaluation and Policy Analysis},
   volume = {33},
   number = {1},
   pages = {59-75},
   DOI = {10.3102/0162373710377112},
   url = {http://epa.sagepub.com/cgi/content/abstract/33/1/59
http://epa.sagepub.com/content/33/1/59.full.pdf},
   note = {internal-pdf://3158949436/Stevens-2011-Adapting to the System or the Stu.pdf},
   year = {2011},
   type = {Journal Article}
}

@article{RN359,
   author = {Stevenson, D. L. and Baker, D. P.},
   title = {Does state control of the curriculum matter? A response to Westbury and Hsu},
   journal = {Educational Evaluation and Policy Analysis},
   volume = {18},
   number = {4},
   pages = {339-342},
   ISSN = {0162-3737},
   url = {<Go to ISI>://WOS:A1996VY25000005},
   year = {1996},
   type = {Journal Article}
}

@article{RN281,
   author = {Stiefel, L. and Berne, R. and Iatarola, P. and Fruchter, N.},
   title = {High school size: Effects on budgets and performance in New York City},
   journal = {Educational Evaluation and Policy Analysis},
   volume = {22},
   number = {1},
   pages = {27-39},
   ISSN = {0162-3737},
   DOI = {10.2307/1164306},
   url = {<Go to ISI>://WOS:000086310300002},
   year = {2000},
   type = {Journal Article}
}

@article{RN392,
   author = {Stjohn, E. P. and Starkey, J. B. and Paulsen, M. B. and Mbaduagha, L. A.},
   title = {THE INFLUENCE OF PRICES AND PRICE SUBSIDIES ON WITHIN-YEAR PERSISTENCE BY STUDENTS IN PROPRIETARY SCHOOLS},
   journal = {Educational Evaluation and Policy Analysis},
   volume = {17},
   number = {2},
   pages = {149-165},
   ISSN = {0162-3737},
   DOI = {10.3102/01623737017002149},
   url = {<Go to ISI>://WOS:A1995RD34200002},
   year = {1995},
   type = {Journal Article}
}

@article{RN266,
   author = {Stout, K. E. and Stevens, B.},
   title = {The case of the failed diversity rule: A multiple streams analysis},
   journal = {Educational Evaluation and Policy Analysis},
   volume = {22},
   number = {4},
   pages = {341-355},
   ISSN = {0162-3737},
   DOI = {10.2307/1164429},
   url = {<Go to ISI>://WOS:000176277400003},
   year = {2000},
   type = {Journal Article}
}

@article{RN77,
   author = {Strunk, Katharine O. and Grissom, Jason A.},
   title = {Do Strong Unions Shape District Policies?: Collective Bargaining, Teacher Contract Restrictiveness, and the Political Power of Teachers’ Unions},
   journal = {Educational Evaluation and Policy Analysis},
   volume = {32},
   number = {3},
   pages = {389-406},
   DOI = {10.3102/0162373710376665},
   url = {http://epa.sagepub.com/cgi/content/abstract/32/3/389
http://epa.sagepub.com/content/32/3/389.full.pdf},
   note = {internal-pdf://1481486948/Strunk-2010-Do Strong Unions Shape District Po.pdf},
   year = {2010},
   type = {Journal Article}
}

@article{RN63,
   author = {Sun, Min and Penuel, William R. and Frank, Kenneth A. and Gallagher, H. Alix and Youngs, Peter},
   title = {Shaping Professional Development to Promote the Diffusion of Instructional Expertise Among Teachers},
   journal = {Educational Evaluation and Policy Analysis},
   volume = {35},
   number = {3},
   pages = {344-369},
   DOI = {10.3102/0162373713482763},
   url = {http://epa.sagepub.com/cgi/content/abstract/35/3/344
http://epa.sagepub.com/content/35/3/344.full.pdf},
   note = {internal-pdf://2559029485/Sun-2013-Shaping Professional Development to P.pdf},
   year = {2013},
   type = {Journal Article}
}

@article{RN242,
   author = {Swanson, C. B. and Stevenson, D. L.},
   title = {Standards-based reform in practice: Evidence on state policy and classroom instruction from the NAEP state assessments},
   journal = {Educational Evaluation and Policy Analysis},
   volume = {24},
   number = {1},
   pages = {1-27},
   ISSN = {0162-3737},
   DOI = {10.3102/01623737024001001},
   url = {<Go to ISI>://WOS:000178224100001},
   year = {2002},
   type = {Journal Article}
}

@article{RN370,
   author = {Tatto, M. T.},
   title = {Examining values and beliefs about teaching diverse students: Understanding the challenges for teacher education},
   journal = {Educational Evaluation and Policy Analysis},
   volume = {18},
   number = {2},
   pages = {155-180},
   ISSN = {0162-3737},
   url = {<Go to ISI>://WOS:A1996VB89400004},
   year = {1996},
   type = {Journal Article}
}

@article{RN225,
   author = {Teitelbaum, P.},
   title = {The influence of high school graduation requirement policies in mathematics and science on student course-taking patterns and achievement},
   journal = {Educational Evaluation and Policy Analysis},
   volume = {25},
   number = {1},
   pages = {31-57},
   ISSN = {0162-3737},
   DOI = {10.3102/01623737025001031},
   url = {<Go to ISI>://WOS:000184120400002},
   year = {2003},
   type = {Journal Article}
}

@article{RN334,
   author = {Tsang, M. C.},
   title = {Cost analysis for improved educational policymaking and evaluation},
   journal = {Educational Evaluation and Policy Analysis},
   volume = {19},
   number = {4},
   pages = {318-324},
   ISSN = {0162-3737},
   DOI = {10.3102/01623737019004318},
   url = {<Go to ISI>://WOS:000072404500004},
   year = {1997},
   type = {Journal Article}
}

@article{RN10,
   author = {Valentine, Jeffrey C. and Hirschy, Amy S. and Bremer, Christine D. and Novillo, Walter and Castellano, Marisa and Banister, Aaron},
   title = {Keeping At-Risk Students in School: A Systematic Review of College Retention Programs},
   journal = {Educational Evaluation and Policy Analysis},
   volume = {33},
   number = {2},
   pages = {214-234},
   DOI = {10.3102/0162373711398126},
   url = {http://epa.sagepub.com/cgi/content/abstract/33/2/214
http://epa.sagepub.com/content/33/2/214.full.pdf},
   note = {internal-pdf://2437326665/Valentine-2011-Keeping At-Risk Students in Sch.pdf},
   year = {2011},
   type = {Journal Article}
}

@article{RN317,
   author = {Wang, J.},
   title = {Opportunity to learn: The impacts and policy implications},
   journal = {Educational Evaluation and Policy Analysis},
   volume = {20},
   number = {3},
   pages = {137-156},
   ISSN = {0162-3737},
   DOI = {10.3102/01623737020003137},
   url = {<Go to ISI>://WOS:000076236700001},
   year = {1998},
   type = {Journal Article}
}

@article{RN153,
   author = {Warren, John Robert and Edwards, Melanie R.},
   title = {High School Exit Examinations and High School Completion: Evidence From the Early 1990s},
   journal = {Educational Evaluation and Policy Analysis},
   volume = {27},
   number = {1},
   pages = {53-74},
   DOI = {10.3102/01623737027001053},
   url = {http://epa.sagepub.com/cgi/content/abstract/27/1/53
http://epa.sagepub.com/content/27/1/53.full.pdf},
   note = {internal-pdf://1282194332/Warren-2005-High School Exit Examinations and.pdf},
   year = {2005},
   type = {Journal Article}
}

@article{RN34,
   author = {Warren, John Robert and Jenkins, Krista N. and Kulick, Rachael B.},
   title = {High School Exit Examinations and State-Level Completion and GED Rates, 1975 Through 2002},
   journal = {Educational Evaluation and Policy Analysis},
   volume = {28},
   number = {2},
   pages = {131-152},
   DOI = {10.3102/01623737028002131},
   url = {http://epa.sagepub.com/cgi/content/abstract/28/2/131
http://epa.sagepub.com/content/28/2/131.full.pdf},
   note = {internal-pdf://2920458822/Warren-2006-High School Exit Examinations and.pdf},
   year = {2006},
   type = {Journal Article}
}

@article{RN321,
   author = {Warren, R. L.},
   title = {The organization and culture of evaluation in teacher licensing systems: Case studies from Great Britain and the United States},
   journal = {Educational Evaluation and Policy Analysis},
   volume = {20},
   number = {3},
   pages = {217-226},
   ISSN = {0162-3737},
   url = {<Go to ISI>://WOS:000076236700005},
   year = {1998},
   type = {Journal Article}
}

@article{RN397,
   author = {Webb, N. M.},
   title = {GROUP COLLABORATION IN ASSESSMENT - MULTIPLE OBJECTIVES, PROCESSES, AND OUTCOMES},
   journal = {Educational Evaluation and Policy Analysis},
   volume = {17},
   number = {2},
   pages = {239-261},
   ISSN = {0162-3737},
   DOI = {10.3102/01623737017002239},
   url = {<Go to ISI>://WOS:A1995RD34200007},
   year = {1995},
   type = {Journal Article}
}

@article{RN58,
   author = {Wei, Thomas E.},
   title = {Sticks, Stones, Words, and Broken Bones: New Field and Lab Evidence on Stereotype Threat},
   journal = {Educational Evaluation and Policy Analysis},
   volume = {34},
   number = {4},
   pages = {465-488},
   DOI = {10.3102/0162373712452629},
   url = {http://epa.sagepub.com/cgi/content/abstract/34/4/465
http://epa.sagepub.com/content/34/4/465.full.pdf},
   note = {internal-pdf://2472325217/Wei-2012-Sticks, Stones, Words, and Broken Bon.pdf},
   year = {2012},
   type = {Journal Article}
}

@article{RN198,
   author = {Welner, K. G. and Kupermintz, H.},
   title = {Rethinking expert testimony in education rights litigation},
   journal = {Educational Evaluation and Policy Analysis},
   volume = {26},
   number = {2},
   pages = {127-142},
   ISSN = {0162-3737},
   DOI = {10.3102/01623737026002127},
   url = {<Go to ISI>://WOS:000224018000003},
   year = {2004},
   type = {Journal Article}
}

@article{RN312,
   author = {Wenglinsky, H.},
   title = {Finance equalization and within-school equity: The relationship between education spending and the social distribution of achievement},
   journal = {Educational Evaluation and Policy Analysis},
   volume = {20},
   number = {4},
   pages = {269-283},
   ISSN = {0162-3737},
   DOI = {10.3102/01623737020004269},
   url = {<Go to ISI>://WOS:000078026600003},
   year = {1998},
   type = {Journal Article}
}

@article{RN376,
   author = {Wenglinsky, H. H.},
   title = {The educational justification of historically black colleges and universities: A policy response to the US Supreme Court},
   journal = {Educational Evaluation and Policy Analysis},
   volume = {18},
   number = {1},
   pages = {91-103},
   ISSN = {0162-3737},
   DOI = {10.2307/1164232},
   url = {<Go to ISI>://WOS:A1996VB89100006},
   year = {1996},
   type = {Journal Article}
}

@article{RN360,
   author = {Westbury, I. and Hsu, C. S.},
   title = {Does state control of the curriculum matter? A response to Stevenson and Baker},
   journal = {Educational Evaluation and Policy Analysis},
   volume = {18},
   number = {4},
   pages = {343-347},
   ISSN = {0162-3737},
   url = {<Go to ISI>://WOS:A1996VY25000006},
   year = {1996},
   type = {Journal Article}
}

@article{RN368,
   author = {Westbury, I. and Hsu, C. S.},
   title = {Structures of curriculum governance and classroom practice in mathematics},
   journal = {Educational Evaluation and Policy Analysis},
   volume = {18},
   number = {2},
   pages = {123-139},
   ISSN = {0162-3737},
   url = {<Go to ISI>://WOS:A1996VB89400002},
   year = {1996},
   type = {Journal Article}
}

@article{RN400,
   author = {White, J. A. and Wehlage, G.},
   title = {COMMUNITY COLLABORATION - IF IT IS SUCH A GOOD IDEA, WHY IS IT SO HARD TO DO},
   journal = {Educational Evaluation and Policy Analysis},
   volume = {17},
   number = {1},
   pages = {23-38},
   ISSN = {0162-3737},
   DOI = {10.2307/1164268},
   url = {<Go to ISI>://WOS:A1995QM49100002},
   year = {1995},
   type = {Journal Article}
}

@article{RN356,
   author = {White, P. A. and Gamoran, A. and Smithson, J. and Porter, A. C.},
   title = {Upgrading the high school math curriculum: Math course-taking patterns in seven high schools in California and New York},
   journal = {Educational Evaluation and Policy Analysis},
   volume = {18},
   number = {4},
   pages = {285-307},
   ISSN = {0162-3737},
   url = {<Go to ISI>://WOS:A1996VY25000002},
   year = {1996},
   type = {Journal Article}
}

@article{RN346,
   author = {Wieler, S. S. and Bailey, T. R.},
   title = {Going to scale: Employer participation in school-to-work programs at LaGuardia Community College},
   journal = {Educational Evaluation and Policy Analysis},
   volume = {19},
   number = {2},
   pages = {123-140},
   ISSN = {0162-3737},
   url = {<Go to ISI>://WOS:A1997XE01200003},
   year = {1997},
   type = {Journal Article}
}

@article{RN389,
   author = {Wiley, D. E. and Yoon, B.},
   title = {TEACHER REPORTS ON OPPORTUNITY TO LEARN - ANALYSES OF THE 1993 CALIFORNIA LEARNING ASSESSMENT SYSTEM (CLAS)},
   journal = {Educational Evaluation and Policy Analysis},
   volume = {17},
   number = {3},
   pages = {355-370},
   ISSN = {0162-3737},
   DOI = {10.3102/01623737017003355},
   url = {<Go to ISI>://WOS:A1995RW98500008},
   year = {1995},
   type = {Journal Article}
}

@article{RN405,
   author = {Willms, J. D. and Kerckhoff, A. C.},
   title = {THE CHALLENGE OF DEVELOPING NEW EDUCATIONAL INDICATORS},
   journal = {Educational Evaluation and Policy Analysis},
   volume = {17},
   number = {1},
   pages = {113-131},
   ISSN = {0162-3737},
   DOI = {10.3102/01623737017001113},
   url = {<Go to ISI>://WOS:A1995QM49100007},
   year = {1995},
   type = {Journal Article}
}

@article{RN136,
   author = {Winters, Marcus A. and Cowen, Joshua M.},
   title = {Grading New York: Accountability and Student Proficiency in America’s Largest School District},
   journal = {Educational Evaluation and Policy Analysis},
   volume = {34},
   number = {3},
   pages = {313-327},
   DOI = {10.3102/0162373712440039},
   url = {http://epa.sagepub.com/cgi/content/abstract/34/3/313
http://epa.sagepub.com/content/34/3/313.full.pdf},
   note = {internal-pdf://4105091449/Winters-2012-Grading New York_ Accountability.pdf},
   year = {2012},
   type = {Journal Article}
}

@article{RN99,
   author = {Winters, Marcus A. and Greene, Jay P.},
   title = {Public School Response to Special Education Vouchers: The Impact of Florida’s McKay Scholarship Program on Disability Diagnosis and Student Achievement in Public Schools},
   journal = {Educational Evaluation and Policy Analysis},
   volume = {33},
   number = {2},
   pages = {138-158},
   DOI = {10.3102/0162373711404220},
   url = {http://epa.sagepub.com/cgi/content/abstract/33/2/138
http://epa.sagepub.com/content/33/2/138.full.pdf},
   note = {internal-pdf://0037270788/Winters-2011-Public School Response to Special.pdf},
   year = {2011},
   type = {Journal Article}
}

@article{RN310,
   author = {Witte, J. F.},
   title = {The Milwaukee voucher experiment},
   journal = {Educational Evaluation and Policy Analysis},
   volume = {20},
   number = {4},
   pages = {229-251},
   ISSN = {0162-3737},
   DOI = {10.2307/1164323},
   url = {<Go to ISI>://WOS:000078026600001},
   year = {1998},
   type = {Journal Article}
}

@article{RN325,
   author = {Wong, K. K. and Meyer, S. J.},
   title = {Title I schoolwide programs: A synthesis of findings from recent evaluation},
   journal = {Educational Evaluation and Policy Analysis},
   volume = {20},
   number = {2},
   pages = {115-136},
   ISSN = {0162-3737},
   DOI = {10.2307/1164377},
   url = {<Go to ISI>://WOS:000074877600005},
   year = {1998},
   type = {Journal Article}
}

@article{RN52,
   author = {Xu, Di and Jaggars, Shanna Smith},
   title = {The Effectiveness of Distance Education Across Virginia’s Community Colleges: Evidence From Introductory College-Level Math and English Courses},
   journal = {Educational Evaluation and Policy Analysis},
   volume = {33},
   number = {3},
   pages = {360-377},
   DOI = {10.3102/0162373711413814},
   url = {http://epa.sagepub.com/cgi/content/abstract/33/3/360
http://epa.sagepub.com/content/33/3/360.full.pdf},
   note = {internal-pdf://2511122310/Xu-2011-The Effectiveness of Distance Educatio.pdf},
   year = {2011},
   type = {Journal Article}
}

@article{RN192,
   author = {Yamaguchi, R. and O'Malley, P. M. and Johnston, L. D.},
   title = {Relationships between school drug searches and student substance use in US schools},
   journal = {Educational Evaluation and Policy Analysis},
   volume = {26},
   number = {4},
   pages = {329-341},
   ISSN = {0162-3737},
   DOI = {10.3102/01623737026004329},
   url = {<Go to ISI>://WOS:000226920000004},
   year = {2004},
   type = {Journal Article}
}

@article{RN105,
   author = {Yuan, Kun and Le, Vi-Nhuan and McCaffrey, Daniel F. and Marsh, Julie A. and Hamilton, Laura S. and Stecher, Brian M. and Springer, Matthew G.},
   title = {Incentive Pay Programs Do Not Affect Teacher Motivation or Reported Practices: Results From Three Randomized Studies},
   journal = {Educational Evaluation and Policy Analysis},
   volume = {35},
   number = {1},
   pages = {3-22},
   DOI = {10.3102/0162373712462625},
   url = {http://epa.sagepub.com/cgi/content/abstract/35/1/3
http://epa.sagepub.com/content/35/1/3.full.pdf},
   note = {internal-pdf://4100830687/Yuan-2013-Incentive Pay Programs Do Not Affect.pdf},
   year = {2013},
   type = {Journal Article}
}

@article{RN66,
   author = {Zhang, Liang and Ness, Erik C.},
   title = {Does State Merit-Based Aid Stem Brain Drain?},
   journal = {Educational Evaluation and Policy Analysis},
   volume = {32},
   number = {2},
   pages = {143-165},
   DOI = {10.3102/0162373709359683},
   url = {http://epa.sagepub.com/cgi/content/abstract/32/2/143
http://epa.sagepub.com/content/32/2/143.full.pdf},
   note = {internal-pdf://1906815307/Zhang-2010-Does State Merit-Based Aid Stem Bra.pdf},
   year = {2010},
   type = {Journal Article}
}

@article{RN28,
   author = {Zhu, Pei and Jacob, Robin and Bloom, Howard and Xu, Zeyu},
   title = {Designing and Analyzing Studies That Randomize Schools to Estimate Intervention Effects on Student Academic Outcomes Without Classroom-Level Information},
   journal = {Educational Evaluation and Policy Analysis},
   volume = {34},
   number = {1},
   pages = {45-68},
   DOI = {10.3102/0162373711423786},
   url = {http://epa.sagepub.com/cgi/content/abstract/34/1/45
http://epa.sagepub.com/content/34/1/45.full.pdf},
   note = {internal-pdf://3541871034/Zhu-2012-Designing and Analyzing Studies That.pdf},
   year = {2012},
   type = {Journal Article}
}

@article{RN122,
   author = {Zimmer, Ron W. and Guarino, Cassandra M.},
   title = {Is There Empirical Evidence That Charter Schools “Push Out” Low-Performing Students?},
   journal = {Educational Evaluation and Policy Analysis},
   volume = {35},
   number = {4},
   pages = {461-480},
   DOI = {10.3102/0162373713498465},
   url = {http://epa.sagepub.com/cgi/content/abstract/35/4/461
http://epa.sagepub.com/content/35/4/461.full.pdf},
   note = {internal-pdf://2293676065/Zimmer-2013-Is There Empirical Evidence That C.pdf},
   year = {2013},
   type = {Journal Article}
}

