@article{RN16,
   author = {Agostino, D. and Arnaboldi, M.},
   title = {Social media data used in the measurement of public services effectiveness: Empirical evidence from Twitter in higher education institutions},
   journal = {Public Policy and Administration},
   volume = {32},
   number = {4},
   pages = {296-322},
   ISSN = {0952-0767},
   DOI = {10.1177/0952076716682369},
   url = {<Go to ISI>://WOS:000411814200004
http://journals.sagepub.com/doi/pdf/10.1177/0952076716682369},
   note={internal-pdf://0244337807/Agostino-2017-Social media data used in the me.pdf},
   year = {2017},
   type = {Journal Article}
}

@article{RN25,
   author = {Anttiroiko, A. V. and Valkama, P.},
   title = {The role of localism in the development of regional structures in post-war Finland},
   journal = {Public Policy and Administration},
   volume = {32},
   number = {2},
   pages = {152-172},
   ISSN = {0952-0767},
   DOI = {10.1177/0952076716658797},
   url = {<Go to ISI>://WOS:000396211800004
http://journals.sagepub.com/doi/pdf/10.1177/0952076716658797},
   note={internal-pdf://3892674735/Anttiroiko-2017-The role of localism in the de.pdf},
   year = {2017},
   type = {Journal Article}
}

@article{RN30,
   author = {Badran, A.},
   title = {Revisiting regulatory independence: The relationship between the formal and de-facto independence of the Egyptian telecoms regulator},
   journal = {Public Policy and Administration},
   volume = {32},
   number = {1},
   pages = {66-84},
   ISSN = {0952-0767},
   DOI = {10.1177/0952076716643381},
   url = {<Go to ISI>://WOS:000397826300004
http://journals.sagepub.com/doi/pdf/10.1177/0952076716643381},
   note={internal-pdf://3054086704/Badran-2017-Revisiting regulatory independence.pdf},
   year = {2017},
   type = {Journal Article}
}

@article{RN23,
   author = {Baker, C. and El Ansari, W. and Crone, D.},
   title = {Partnership working in sport and physical activity promotion: An assessment of processes and outcomes in community sports networks},
   journal = {Public Policy and Administration},
   volume = {32},
   number = {2},
   pages = {87-109},
   ISSN = {0952-0767},
   DOI = {10.1177/0952076715625104},
   url = {<Go to ISI>://WOS:000396211800001
http://journals.sagepub.com/doi/pdf/10.1177/0952076715625104},
   note={internal-pdf://1246531554/Baker-2017-Partnership working in sport and ph.pdf},
   year = {2017},
   type = {Journal Article}
}

@article{RN59,
   author = {Baker, K. and Dunlop, C. A. and Ongaro, E.},
   title = {A new chapter for PPA!},
   journal = {Public Policy and Administration},
   volume = {30},
   number = {1},
   pages = {3-4},
   ISSN = {0952-0767},
   DOI = {10.1177/0952076714566362},
   url = {<Go to ISI>://WOS:000371127300001
http://journals.sagepub.com/doi/pdf/10.1177/0952076714566362},
   note={internal-pdf://4146699505/Baker-2015-A new chapter for PPA!.pdf},
   year = {2015},
   type = {Journal Article}
}

@article{RN13,
   author = {Baker, K. and Dunlop, C. A. and Ongaro, E.},
   title = {Change and continuity at PPA},
   journal = {Public Policy and Administration},
   volume = {32},
   number = {4},
   pages = {261-262},
   ISSN = {0952-0767},
   DOI = {10.1177/0952076717720321},
   url = {<Go to ISI>://WOS:000411814200001
http://journals.sagepub.com/doi/pdf/10.1177/0952076717720321},
   note={internal-pdf://2766780099/Baker-2017-Change and continuity at PPA.pdf},
   year = {2017},
   type = {Journal Article}
}

@article{RN52,
   author = {Bali, A. S. and Ramesh, M.},
   title = {Health care reforms in India: Getting it wrong},
   journal = {Public Policy and Administration},
   volume = {30},
   number = {3-4},
   pages = {300-319},
   ISSN = {0952-0767},
   DOI = {10.1177/0952076715590697},
   url = {<Go to ISI>://WOS:000371128400006
http://journals.sagepub.com/doi/pdf/10.1177/0952076715590697},
   note={internal-pdf://0326656676/Bali-2015-Health care reforms in India_ Gettin.pdf},
   year = {2015},
   type = {Journal Article}
}

@article{RN12,
   author = {Bennie, L. and Maloney, W. and Cairney, P.},
   title = {Obituary: Professor Grant Jordan},
   journal = {Public Policy and Administration},
   volume = {33},
   number = {1},
   pages = {121-123},
   ISSN = {0952-0767},
   DOI = {10.1177/0952076717732847},
   url = {<Go to ISI>://WOS:000418306700007
http://journals.sagepub.com/doi/pdf/10.1177/0952076717732847},
   note={internal-pdf://2543584108/Bennie-2018-Obituary_ Professor Grant Jordan.pdf},
   year = {2018},
   type = {Journal Article}
}

@article{RN34,
   author = {Bick, E.},
   title = {Institutional layering, displacement, and policy change: The evolution of civic service in Israel},
   journal = {Public Policy and Administration},
   volume = {31},
   number = {4},
   pages = {342-360},
   ISSN = {0952-0767},
   DOI = {10.1177/0952076715624272},
   url = {<Go to ISI>://WOS:000382985100004
http://journals.sagepub.com/doi/pdf/10.1177/0952076715624272},
   note={internal-pdf://3463758803/Bick-2016-Institutional layering, displacement.pdf},
   year = {2016},
   type = {Journal Article}
}

@article{RN8,
   author = {Busetti, S. and Dente, B.},
   title = {Designing multi-actor implementation: A mechanism-based approach},
   journal = {Public Policy and Administration},
   volume = {33},
   number = {1},
   pages = {46-65},
   ISSN = {0952-0767},
   DOI = {10.1177/0952076716681207},
   url = {<Go to ISI>://WOS:000418306700003
http://journals.sagepub.com/doi/pdf/10.1177/0952076716681207},
   note={internal-pdf://4285255922/Busetti-2018-Designing multi-actor implementat.pdf},
   year = {2018},
   type = {Journal Article}
}

@article{RN40,
   author = {Chaney, P.},
   title = {How does single party dominance influence civil society organisations' engagement strategies? Exploratory analysis of participative mainstreaming in a "regional' European polity},
   journal = {Public Policy and Administration},
   volume = {31},
   number = {2},
   pages = {122-146},
   ISSN = {0952-0767},
   DOI = {10.1177/0952076715581876},
   url = {<Go to ISI>://WOS:000371610500002
https://www.ncbi.nlm.nih.gov/pmc/articles/PMC5447899/pdf/10.1177_0952076715581876.pdf},
   note={internal-pdf://3612005094/Chaney-2016-How does single party dominance in.pdf},
   year = {2016},
   type = {Journal Article}
}

@article{RN80,
   author = {Cole, M.},
   title = {Devolution and the enhancement of scrutiny: A case study of the committees of the National Assembly for Wales},
   journal = {Public Policy and Administration},
   volume = {29},
   number = {1},
   pages = {3-20},
   ISSN = {0952-0767},
   DOI = {10.1177/0952076713494218},
   url = {<Go to ISI>://WOS:000209645600001
http://journals.sagepub.com/doi/pdf/10.1177/0952076713494218},
   note={internal-pdf://2540631832/Cole-2014-Devolution and the enhancement of sc.pdf},
   year = {2014},
   type = {Journal Article}
}

@article{RN70,
   author = {Connolly, J.},
   title = {The aftermath of foot and mouth in the UK: Post-crisis change and Europeanisation},
   journal = {Public Policy and Administration},
   volume = {29},
   number = {3},
   pages = {204-220},
   ISSN = {0952-0767},
   DOI = {10.1177/0952076713509298},
   url = {<Go to ISI>://WOS:000209645800002
http://journals.sagepub.com/doi/pdf/10.1177/0952076713509298},
   note={internal-pdf://0489282933/Connolly-2014-The aftermath of foot and mouth.pdf},
   year = {2014},
   type = {Journal Article}
}

@article{RN71,
   author = {Dan, S.},
   title = {The effects of agency reform in Europe: A review of the evidence},
   journal = {Public Policy and Administration},
   volume = {29},
   number = {3},
   pages = {221-240},
   ISSN = {0952-0767},
   DOI = {10.1177/0952076713517412},
   url = {<Go to ISI>://WOS:000209645800003
http://journals.sagepub.com/doi/pdf/10.1177/0952076713517412},
   note={internal-pdf://1457580677/Dan-2014-The effects of agency reform in Europ.pdf},
   year = {2014},
   type = {Journal Article}
}

@article{RN45,
   author = {De Vita, G. and Lagoke, O. and Adesola, S.},
   title = {Nigerian oil and gas industry local content development: A stakeholder analysis},
   journal = {Public Policy and Administration},
   volume = {31},
   number = {1},
   pages = {51-79},
   ISSN = {0952-0767},
   DOI = {10.1177/0952076715581635},
   url = {<Go to ISI>://WOS:000371129100003
http://journals.sagepub.com/doi/pdf/10.1177/0952076715581635},
   note={internal-pdf://0679026606/De Vita-2016-Nigerian oil and gas industry loc.pdf},
   year = {2016},
   type = {Journal Article}
}

@article{RN1,
   author = {den Heyer, G.},
   title = {Is the development of policy in New Zealand based on Prevention First?},
   journal = {Public Policy and Administration},
   volume = {33},
   number = {2},
   pages = {127-148},
   ISSN = {0952-0767},
   DOI = {10.1177/0952076716687354},
   url = {<Go to ISI>://WOS:000429921100001
http://journals.sagepub.com/doi/pdf/10.1177/0952076716687354},
   note={internal-pdf://3347717818/den Heyer-2018-Is the development of policy in.pdf},
   year = {2018},
   type = {Journal Article}
}

@article{RN72,
   author = {Elcock, H. J.},
   title = {What the Greeks taught us and we British have forgotten},
   journal = {Public Policy and Administration},
   volume = {29},
   number = {3},
   pages = {241-256},
   ISSN = {0952-0767},
   DOI = {10.1177/0952076713510346},
   url = {<Go to ISI>://WOS:000209645800004
http://journals.sagepub.com/doi/pdf/10.1177/0952076713510346},
   note={internal-pdf://0148705700/Elcock-2014-What the Greeks taught us and we B.pdf},
   year = {2014},
   type = {Journal Article}
}

@article{RN21,
   author = {Farrell, C. and Morris, J. and Ranson, S.},
   title = {The theatricality of accountability: The operation of governing bodies in schools},
   journal = {Public Policy and Administration},
   volume = {32},
   number = {3},
   pages = {214-231},
   ISSN = {0952-0767},
   DOI = {10.1177/0952076716654208},
   url = {<Go to ISI>://WOS:000403597200003
http://journals.sagepub.com/doi/pdf/10.1177/0952076716654208},
   note={internal-pdf://2481597505/Farrell-2017-The theatricality of accountabili.pdf},
   year = {2017},
   type = {Journal Article}
}

@article{RN36,
   author = {Fenwick, J. and Gibbon, J.},
   title = {Localism and the third sector: New relationships of public service?},
   journal = {Public Policy and Administration},
   volume = {31},
   number = {3},
   pages = {221-240},
   ISSN = {0952-0767},
   DOI = {10.1177/0952076715610413},
   url = {<Go to ISI>://WOS:000378555400002
http://journals.sagepub.com/doi/pdf/10.1177/0952076715610413},
   note={internal-pdf://1535523121/Fenwick-2016-Localism and the third sector_ Ne.pdf},
   year = {2016},
   type = {Journal Article}
}

@article{RN56,
   author = {Fledderus, J. and Brandsen, T. and Honingh, M. E.},
   title = {User co-production of public service delivery: An uncertainty approach},
   journal = {Public Policy and Administration},
   volume = {30},
   number = {2},
   pages = {145-164},
   ISSN = {0952-0767},
   DOI = {10.1177/0952076715572362},
   url = {<Go to ISI>://WOS:000371127700002
http://journals.sagepub.com/doi/pdf/10.1177/0952076715572362},
   note={internal-pdf://1516193330/Fledderus-2015-User co-production of public se.pdf},
   year = {2015},
   type = {Journal Article}
}

@article{RN42,
   author = {Ford, M. and Ihrke, D.},
   title = {Determinants of conflict on Wisconsin School Boards},
   journal = {Public Policy and Administration},
   volume = {31},
   number = {2},
   pages = {169-189},
   ISSN = {0952-0767},
   DOI = {10.1177/0952076715610414},
   url = {<Go to ISI>://WOS:000371610500004
http://journals.sagepub.com/doi/pdf/10.1177/0952076715610414},
   note={internal-pdf://3352587320/Ford-2016-Determinants of conflict on Wisconsi.pdf},
   year = {2016},
   type = {Journal Article}
}

@article{RN3,
   author = {Ford, M. R. and Ihrke, D. M.},
   title = {The impact of Wisconsin's Act 10 on municipal management in smaller municipalities: Views from local elected officials},
   journal = {Public Policy and Administration},
   volume = {33},
   number = {2},
   pages = {170-189},
   ISSN = {0952-0767},
   DOI = {10.1177/0952076716683763},
   url = {<Go to ISI>://WOS:000429921100003
http://journals.sagepub.com/doi/pdf/10.1177/0952076716683763},
   note={internal-pdf://3345502963/Ford-2018-The impact of Wisconsin's Act 10 on.pdf},
   year = {2018},
   type = {Journal Article}
}

@article{RN28,
   author = {Gallego, R. and Barbieri, N. and Gonzalez, S.},
   title = {Explaining cross-regional policy variation in public sector reform: Institutions and change actors in the health sector in Spain},
   journal = {Public Policy and Administration},
   volume = {32},
   number = {1},
   pages = {24-44},
   ISSN = {0952-0767},
   DOI = {10.1177/0952076716637897},
   url = {<Go to ISI>://WOS:000397826300002
http://journals.sagepub.com/doi/pdf/10.1177/0952076716637897},
   note={internal-pdf://0148463541/Gallego-2017-Explaining cross-regional policy.pdf},
   year = {2017},
   type = {Journal Article}
}

@article{RN69,
   author = {Gray, C.},
   title = {'Cabined, cribbed, confined, bound in' or 'we are not a government poodle': Structure and agency in museums and galleries},
   journal = {Public Policy and Administration},
   volume = {29},
   number = {3},
   pages = {185-203},
   ISSN = {0952-0767},
   DOI = {10.1177/0952076713506450},
   url = {<Go to ISI>://WOS:000209645800001
http://journals.sagepub.com/doi/pdf/10.1177/0952076713506450},
   note={internal-pdf://3247218307/Gray-2014-'Cabined, cribbed, confined, bound i.pdf},
   year = {2014},
   type = {Journal Article}
}

@article{RN35,
   author = {Gray, G. and Jones, M. D.},
   title = {A qualitative narrative policy framework? Examining the policy narratives of US campaign finance regulatory reform},
   journal = {Public Policy and Administration},
   volume = {31},
   number = {3},
   pages = {193-220},
   ISSN = {0952-0767},
   DOI = {10.1177/0952076715623356},
   url = {<Go to ISI>://WOS:000378555400001
http://journals.sagepub.com/doi/pdf/10.1177/0952076715623356},
   note={internal-pdf://1212709067/Gray-2016-A qualitative narrative policy frame.pdf},
   year = {2016},
   type = {Journal Article}
}

@article{RN61,
   author = {Greer, S. L. and Jarman, H. and Azorsky, A.},
   title = {Devolution and the civil service: A biographical study},
   journal = {Public Policy and Administration},
   volume = {30},
   number = {1},
   pages = {31-50},
   ISSN = {0952-0767},
   DOI = {10.1177/0952076714536582},
   url = {<Go to ISI>://WOS:000371127300003
http://journals.sagepub.com/doi/pdf/10.1177/0952076714536582},
   note={internal-pdf://4195779887/Greer-2015-Devolution and the civil service_ A.pdf},
   year = {2015},
   type = {Journal Article}
}

@article{RN67,
   author = {Grover, C.},
   title = {From the social fund to local welfare assistance: Central-local government relations and 'special expenses'},
   journal = {Public Policy and Administration},
   volume = {29},
   number = {4},
   pages = {313-330},
   ISSN = {0952-0767},
   DOI = {10.1177/0952076714529140},
   url = {<Go to ISI>://WOS:000209645900003
http://journals.sagepub.com/doi/pdf/10.1177/0952076714529140},
   note={internal-pdf://1282576880/Grover-2014-From the social fund to local welf.pdf},
   year = {2014},
   type = {Journal Article}
}

@article{RN83,
   author = {Housden, P.},
   title = {This is us: A perspective on public services in Scotland},
   journal = {Public Policy and Administration},
   volume = {29},
   number = {1},
   pages = {64-74},
   ISSN = {0952-0767},
   DOI = {10.1177/0952076713513993},
   url = {<Go to ISI>://WOS:000209645600004
http://journals.sagepub.com/doi/pdf/10.1177/0952076713513993},
   note={internal-pdf://1198566197/Housden-2014-This is us_ A perspective on publ.pdf},
   year = {2014},
   type = {Journal Article}
}

@article{RN47,
   author = {Howlett, M. and Ramesh, M. and Wu, X.},
   title = {Understanding the persistence of policy failures: The role of politics, governance and uncertainty},
   journal = {Public Policy and Administration},
   volume = {30},
   number = {3-4},
   pages = {209-220},
   ISSN = {0952-0767},
   DOI = {10.1177/0952076715593139},
   url = {<Go to ISI>://WOS:000371128400001
http://journals.sagepub.com/doi/pdf/10.1177/0952076715593139},
   note={internal-pdf://3307976741/Howlett-2015-Understanding the persistence of.pdf},
   year = {2015},
   type = {Journal Article}
}

@article{RN65,
   author = {Howlett, M. and Tan, S. L. and Migone, A. and Wellstead, A. and Evans, B.},
   title = {The distribution of analytical techniques in policy advisory systems: Policy formulation and the tools of policy appraisal},
   journal = {Public Policy and Administration},
   volume = {29},
   number = {4},
   pages = {271-291},
   ISSN = {0952-0767},
   DOI = {10.1177/0952076714524810},
   url = {<Go to ISI>://WOS:000209645900001
http://journals.sagepub.com/doi/pdf/10.1177/0952076714524810},
   note={internal-pdf://0217243289/Howlett-2014-The distribution of analytical te.pdf},
   year = {2014},
   type = {Journal Article}
}

@article{RN79,
   author = {Hupe, P.},
   title = {What happens on the ground: Persistent issues in implementation research},
   journal = {Public Policy and Administration},
   volume = {29},
   number = {2},
   pages = {164-182},
   ISSN = {0952-0767},
   DOI = {10.1177/0952076713518339},
   url = {<Go to ISI>://WOS:000209645700006
http://journals.sagepub.com/doi/pdf/10.1177/0952076713518339},
   note={internal-pdf://4080059561/Hupe-2014-What happens on the ground_ Persiste.pdf},
   year = {2014},
   type = {Journal Article}
}

@article{RN78,
   author = {Hupe, P. and Hill, M. and Nangia, M.},
   title = {Studying implementation beyond deficit analysis: The top-down view reconsidered},
   journal = {Public Policy and Administration},
   volume = {29},
   number = {2},
   pages = {145-163},
   ISSN = {0952-0767},
   DOI = {10.1177/0952076713517520},
   url = {<Go to ISI>://WOS:000209645700005
http://journals.sagepub.com/doi/pdf/10.1177/0952076713517520},
   note={internal-pdf://1861931464/Hupe-2014-Studying implementation beyond defic.pdf},
   year = {2014},
   type = {Journal Article}
}

@article{RN74,
   author = {Hupe, P. and Saetren, H.},
   title = {The sustainable future of implementation research: On the development of the field and its paradoxes},
   journal = {Public Policy and Administration},
   volume = {29},
   number = {2},
   pages = {77-83},
   ISSN = {0952-0767},
   DOI = {10.1177/0952076714525108},
   url = {<Go to ISI>://WOS:000209645700001
http://journals.sagepub.com/doi/pdf/10.1177/0952076714525108},
   note={internal-pdf://1821567788/Hupe-2014-The sustainable future of implementa.pdf},
   year = {2014},
   type = {Journal Article}
}

@article{RN39,
   author = {Hupe, P. L. and Hill, M. J.},
   title = {"And the rest is implementation.' Comparing approaches to what happens in policy processes beyond Great Expectations},
   journal = {Public Policy and Administration},
   volume = {31},
   number = {2},
   pages = {103-121},
   ISSN = {0952-0767},
   DOI = {10.1177/0952076715598828},
   url = {<Go to ISI>://WOS:000371610500001
http://journals.sagepub.com/doi/pdf/10.1177/0952076715598828},
   note={internal-pdf://2334462243/Hupe-2016-_And the rest is implementation.' Co.pdf},
   year = {2016},
   type = {Journal Article}
}

@article{RN7,
   author = {Joensuu, M. and Niiranen, V.},
   title = {Political leaders and public administrators: Interaction patterns and pictures in Finnish local government decision-making processes},
   journal = {Public Policy and Administration},
   volume = {33},
   number = {1},
   pages = {22-45},
   ISSN = {0952-0767},
   DOI = {10.1177/0952076716673898},
   url = {<Go to ISI>://WOS:000418306700002
http://journals.sagepub.com/doi/pdf/10.1177/0952076716673898},
   note={internal-pdf://3536582638/Joensuu-2018-Political leaders and public admi.pdf},
   year = {2018},
   type = {Journal Article}
}

@article{RN37,
   author = {Johannessen, M.},
   title = {Run(a)way bureaucrats? When a National Civil Aviation Authority meets global and European regimes},
   journal = {Public Policy and Administration},
   volume = {31},
   number = {3},
   pages = {241-259},
   ISSN = {0952-0767},
   DOI = {10.1177/0952076715612545},
   url = {<Go to ISI>://WOS:000378555400003
http://journals.sagepub.com/doi/pdf/10.1177/0952076715612545},
   note={internal-pdf://0849609888/Johannessen-2016-Run(a)way bureaucrats_ When a.pdf},
   year = {2016},
   type = {Journal Article}
}

@article{RN73,
   author = {John, P.},
   title = {Policy entrepreneurship in UK central government: The behavioural insights team and the use of randomized controlled trials},
   journal = {Public Policy and Administration},
   volume = {29},
   number = {3},
   pages = {257-267},
   ISSN = {0952-0767},
   DOI = {10.1177/0952076713509297},
   url = {<Go to ISI>://WOS:000209645800005
https://www.ncbi.nlm.nih.gov/pmc/articles/PMC5447898/pdf/10.1177_0952076713509297.pdf},
   note={internal-pdf://2004030731/John-2014-Policy entrepreneurship in UK centra.pdf},
   year = {2014},
   type = {Journal Article}
}

@article{RN15,
   author = {Johnes, G. and Ruggiero, J.},
   title = {Revenue efficiency in higher education institutions under imperfect competition},
   journal = {Public Policy and Administration},
   volume = {32},
   number = {4},
   pages = {282-295},
   ISSN = {0952-0767},
   DOI = {10.1177/0952076716652935},
   url = {<Go to ISI>://WOS:000411814200003
http://journals.sagepub.com/doi/pdf/10.1177/0952076716652935},
   note={internal-pdf://4282129845/Johnes-2017-Revenue efficiency in higher educa.pdf},
   year = {2017},
   type = {Journal Article}
}

@article{RN17,
   author = {Jungblut, J.},
   title = {From preferences to policies in coalition governments-Unpacking policy making in European higher education},
   journal = {Public Policy and Administration},
   volume = {32},
   number = {4},
   pages = {323-348},
   ISSN = {0952-0767},
   DOI = {10.1177/0952076716679223},
   url = {<Go to ISI>://WOS:000411814200005
http://journals.sagepub.com/doi/pdf/10.1177/0952076716679223},
   note={internal-pdf://3008703158/Jungblut-2017-From preferences to policies in.pdf},
   year = {2017},
   type = {Journal Article}
}

@article{RN46,
   author = {Kaehne, A. and Taylor, H.},
   title = {Do public consultations work? The case of the Social Services and Well-being (Wales) Bill},
   journal = {Public Policy and Administration},
   volume = {31},
   number = {1},
   pages = {80-99},
   ISSN = {0952-0767},
   DOI = {10.1177/0952076715595676},
   url = {<Go to ISI>://WOS:000371129100004
http://journals.sagepub.com/doi/pdf/10.1177/0952076715595676},
   note={internal-pdf://4221712419/Kaehne-2016-Do public consultations work_ The.pdf},
   year = {2016},
   type = {Journal Article}
}

@article{RN62,
   author = {Knudsen, J. S. and Brown, D.},
   title = {Why governments intervene: Exploring mixed motives for public policies on corporate social responsibility},
   journal = {Public Policy and Administration},
   volume = {30},
   number = {1},
   pages = {51-72},
   ISSN = {0952-0767},
   DOI = {10.1177/0952076714536596},
   url = {<Go to ISI>://WOS:000371127300004
http://journals.sagepub.com/doi/pdf/10.1177/0952076714536596},
   note={internal-pdf://2822194342/Knudsen-2015-Why governments intervene_ Explor.pdf},
   year = {2015},
   type = {Journal Article}
}

@article{RN33,
   author = {Krogstad, J. R. and Leiren, M. D.},
   title = {Gradual change towards re-integration: Insights from local public transport in Norway},
   journal = {Public Policy and Administration},
   volume = {31},
   number = {4},
   pages = {324-341},
   ISSN = {0952-0767},
   DOI = {10.1177/0952076716634828},
   url = {<Go to ISI>://WOS:000382985100003
http://journals.sagepub.com/doi/pdf/10.1177/0952076716634828},
   note={internal-pdf://3591790028/Krogstad-2016-Gradual change towards re-integr.pdf},
   year = {2016},
   type = {Journal Article}
}

@article{RN11,
   author = {Liddle, J. and Fenwick, J.},
   title = {Obituary: Professor Howard Elcock},
   journal = {Public Policy and Administration},
   volume = {33},
   number = {1},
   pages = {118-120},
   ISSN = {0952-0767},
   DOI = {10.1177/0952076717731257},
   url = {<Go to ISI>://WOS:000418306700006
http://journals.sagepub.com/doi/pdf/10.1177/0952076717731257},
   note={internal-pdf://3468447994/Liddle-2018-Obituary_ Professor Howard Elcock.pdf},
   year = {2018},
   type = {Journal Article}
}

@article{RN26,
   author = {Mabillard, V. and Zumofen, R.},
   title = {The complex relationship between transparency and accountability: A synthesis and contribution to existing frameworks},
   journal = {Public Policy and Administration},
   volume = {32},
   number = {2},
   pages = {19},
   ISSN = {0952-0767},
   DOI = {10.1177/0952076716653651},
   url = {<Go to ISI>://WOS:000396211800002
http://journals.sagepub.com/doi/pdf/10.1177/0952076716653651},
   note={internal-pdf://3586491424/Mabillard-2017-The complex relationship betwee.pdf},
   year = {2017},
   type = {Journal Article}
}

@article{RN24,
   author = {Maher, C. S. and Stallmann, J. I. and Deller, S. C. and Park, S.},
   title = {The effects of tax and expenditure limits on state fiscal reserves},
   journal = {Public Policy and Administration},
   volume = {32},
   number = {2},
   pages = {130-151},
   ISSN = {0952-0767},
   DOI = {10.1177/0952076716660607},
   url = {<Go to ISI>://WOS:000396211800003
http://journals.sagepub.com/doi/pdf/10.1177/0952076716660607},
   note={internal-pdf://3477367422/Maher-2017-The effects of tax and expenditure.pdf},
   year = {2017},
   type = {Journal Article}
}

@article{RN32,
   author = {Matthews, F. M.},
   title = {Letting go and holding on: The politics of performance management in the United Kingdom},
   journal = {Public Policy and Administration},
   volume = {31},
   number = {4},
   pages = {303-323},
   ISSN = {0952-0767},
   DOI = {10.1177/0952076715615186},
   url = {<Go to ISI>://WOS:000382985100002
http://journals.sagepub.com/doi/pdf/10.1177/0952076715615186},
   note={internal-pdf://0092698494/Matthews-2016-Letting go and holding on_ The p.pdf},
   year = {2016},
   type = {Journal Article}
}

@article{RN51,
   author = {May, P. J.},
   title = {Implementation failures revisited: Policy regime perspectives},
   journal = {Public Policy and Administration},
   volume = {30},
   number = {3-4},
   pages = {277-299},
   ISSN = {0952-0767},
   DOI = {10.1177/0952076714561505},
   url = {<Go to ISI>://WOS:000371128400005
http://journals.sagepub.com/doi/pdf/10.1177/0952076714561505},
   note={internal-pdf://3207565475/May-2015-Implementation failures revisited_ Po.pdf},
   year = {2015},
   type = {Journal Article}
}

@article{RN19,
   author = {McBeth, M. K. and Lybecker, D. L. and Stoutenborough, J. W. and Davis, S. N. and Running, K.},
   title = {Content matters: Stakeholder assessment of river stories or river science},
   journal = {Public Policy and Administration},
   volume = {32},
   number = {3},
   pages = {175-196},
   ISSN = {0952-0767},
   DOI = {10.1177/0952076716671034},
   url = {<Go to ISI>://WOS:000403597200001
http://journals.sagepub.com/doi/pdf/10.1177/0952076716671034},
   note={internal-pdf://3173162388/McBeth-2017-Content matters_ Stakeholder asses.pdf},
   year = {2017},
   type = {Journal Article}
}

@article{RN57,
   author = {McCafferty, S. and Hill, H.},
   title = {Another change agenda: Reflections on 'Agenda for Change'},
   journal = {Public Policy and Administration},
   volume = {30},
   number = {2},
   pages = {165-181},
   ISSN = {0952-0767},
   DOI = {10.1177/0952076714561345},
   url = {<Go to ISI>://WOS:000371127700003
http://journals.sagepub.com/doi/pdf/10.1177/0952076714561345},
   note={internal-pdf://3893344164/McCafferty-2015-Another change agenda_ Reflect.pdf},
   year = {2015},
   type = {Journal Article}
}

@article{RN48,
   author = {McConnell, A.},
   title = {What is policy failure? A primer to help navigate the maze},
   journal = {Public Policy and Administration},
   volume = {30},
   number = {3-4},
   pages = {221-242},
   ISSN = {0952-0767},
   DOI = {10.1177/0952076714565416},
   url = {<Go to ISI>://WOS:000371128400002
http://journals.sagepub.com/doi/pdf/10.1177/0952076714565416},
   note={internal-pdf://3544951491/McConnell-2015-What is policy failure_ A prime.pdf},
   year = {2015},
   type = {Journal Article}
}

@article{RN31,
   author = {Mitchell, J. L. and Petray, E.},
   title = {The march toward marriage equality: Reexamining the diffusion of same-sex marriage among states},
   journal = {Public Policy and Administration},
   volume = {31},
   number = {4},
   pages = {283-302},
   ISSN = {0952-0767},
   DOI = {10.1177/0952076716628620},
   url = {<Go to ISI>://WOS:000382985100001
http://journals.sagepub.com/doi/pdf/10.1177/0952076716628620},
   note={internal-pdf://3559507264/Mitchell-2016-The march toward marriage equali.pdf},
   year = {2016},
   type = {Journal Article}
}

@article{RN6,
   author = {Morphet, J. and Clifford, B.},
   title = {"Who else would we speak to?' National Policy Networks in post-devolution Britain: The case of spatial planning},
   journal = {Public Policy and Administration},
   volume = {33},
   number = {1},
   pages = {3-21},
   ISSN = {0952-0767},
   DOI = {10.1177/0952076716669978},
   url = {<Go to ISI>://WOS:000418306700001
http://journals.sagepub.com/doi/pdf/10.1177/0952076716669978},
   note={internal-pdf://0479456149/Morphet-2018-_Who else would we speak to_' Nat.pdf},
   year = {2018},
   type = {Journal Article}
}

@article{RN10,
   author = {Moyson, S.},
   title = {Policy learning over a decade or more and the role of interests therein: The European liberalization policy process of Belgian network industries},
   journal = {Public Policy and Administration},
   volume = {33},
   number = {1},
   pages = {88-117},
   ISSN = {0952-0767},
   DOI = {10.1177/0952076716681206},
   url = {<Go to ISI>://WOS:000418306700005
http://journals.sagepub.com/doi/pdf/10.1177/0952076716681206},
   note={internal-pdf://3130380802/Moyson-2018-Policy learning over a decade or m.pdf},
   year = {2018},
   type = {Journal Article}
}

@article{RN20,
   author = {Murphy, P. and Eckersley, P. and Ferry, L.},
   title = {Accountability and transparency: Police forces in England and Wales},
   journal = {Public Policy and Administration},
   volume = {32},
   number = {3},
   pages = {197-213},
   ISSN = {0952-0767},
   DOI = {10.1177/0952076716671033},
   url = {<Go to ISI>://WOS:000403597200002
http://journals.sagepub.com/doi/pdf/10.1177/0952076716671033},
   note={internal-pdf://2561531650/Murphy-2017-Accountability and transparency_ P.pdf},
   year = {2017},
   type = {Journal Article}
}

@article{RN54,
   author = {Newman, J. and Head, B. W.},
   title = {Categories of failure in climate change mitigation policy in Australia},
   journal = {Public Policy and Administration},
   volume = {30},
   number = {3-4},
   pages = {342-358},
   ISSN = {0952-0767},
   DOI = {10.1177/0952076714565832},
   url = {<Go to ISI>://WOS:000371128400008
http://journals.sagepub.com/doi/pdf/10.1177/0952076714565832},
   note={internal-pdf://3134126135/Newman-2015-Categories of failure in climate c.pdf},
   year = {2015},
   type = {Journal Article}
}

@article{RN58,
   author = {Oleinik, A. and Yermekov, M. and Kuatbekov, Z.},
   title = {Power distance, sub-ethnic groups, and teams of civil servants: Overlooked factors of administrative reform in Kazakhstan?},
   journal = {Public Policy and Administration},
   volume = {30},
   number = {2},
   pages = {182-205},
   ISSN = {0952-0767},
   DOI = {10.1177/0952076714559327},
   url = {<Go to ISI>://WOS:000371127700004
http://journals.sagepub.com/doi/pdf/10.1177/0952076714559327},
   note={internal-pdf://4214752598/Oleinik-2015-Power distance, sub-ethnic groups.pdf},
   year = {2015},
   type = {Journal Article}
}

@article{RN18,
   author = {Perri and Raab, C. and Odell, S.},
   title = {Obituary: Professor Christine A. Bellamy},
   journal = {Public Policy and Administration},
   volume = {32},
   number = {4},
   pages = {349-351},
   ISSN = {0952-0767},
   DOI = {10.1177/0952076717725594},
   url = {<Go to ISI>://WOS:000411814200006
http://journals.sagepub.com/doi/pdf/10.1177/0952076717725594},
   note={internal-pdf://0850423841/Perri-2017-Obituary_ Professor Christine A. Be.pdf},
   year = {2017},
   type = {Journal Article}
}

@article{RN77,
   author = {Peters, B. G.},
   title = {Implementation structures as institutions},
   journal = {Public Policy and Administration},
   volume = {29},
   number = {2},
   pages = {131-144},
   ISSN = {0952-0767},
   DOI = {10.1177/0952076713517733},
   url = {<Go to ISI>://WOS:000209645700004
http://journals.sagepub.com/doi/pdf/10.1177/0952076713517733},
   note={internal-pdf://0404165081/Peters-2014-Implementation structures as insti.pdf},
   year = {2014},
   type = {Journal Article}
}

@article{RN50,
   author = {Peters, B. G.},
   title = {State failure, governance failure and policy failure: Exploring the linkages},
   journal = {Public Policy and Administration},
   volume = {30},
   number = {3-4},
   pages = {261-276},
   ISSN = {0952-0767},
   DOI = {10.1177/0952076715581540},
   url = {<Go to ISI>://WOS:000371128400004
http://journals.sagepub.com/doi/pdf/10.1177/0952076715581540},
   note={internal-pdf://2104316572/Peters-2015-State failure, governance failure.pdf},
   year = {2015},
   type = {Journal Article}
}

@article{RN43,
   author = {Pollitt, C.},
   title = {Be prepared? An outside-in perspective on the future public sector in Europe},
   journal = {Public Policy and Administration},
   volume = {31},
   number = {1},
   pages = {3-28},
   ISSN = {0952-0767},
   DOI = {10.1177/0952076715590696},
   url = {<Go to ISI>://WOS:000371129100001
http://journals.sagepub.com/doi/pdf/10.1177/0952076715590696},
   note={internal-pdf://1428630365/Pollitt-2016-Be prepared_ An outside-in perspe.pdf},
   year = {2016},
   type = {Journal Article}
}

@article{RN82,
   author = {Rees, J.},
   title = {Public sector commissioning and the third sector: Old wine in new bottles?},
   journal = {Public Policy and Administration},
   volume = {29},
   number = {1},
   pages = {45-63},
   ISSN = {0952-0767},
   DOI = {10.1177/0952076713510345},
   url = {<Go to ISI>://WOS:000209645600003
http://journals.sagepub.com/doi/pdf/10.1177/0952076713510345},
   note={internal-pdf://4125243485/Rees-2014-Public sector commissioning and the.pdf},
   year = {2014},
   type = {Journal Article}
}

@article{RN81,
   author = {Ribbins, P. and Sherratt, B.},
   title = {Reforming the Civil Service and revising the role of the mandarin in Britain: A view from the perspective of a study of eight permanent secretaries at the Ministry of Education between 1976 and 2011},
   journal = {Public Policy and Administration},
   volume = {29},
   number = {1},
   pages = {21-44},
   ISSN = {0952-0767},
   DOI = {10.1177/0952076713502216},
   url = {<Go to ISI>://WOS:000209645600002
http://journals.sagepub.com/doi/pdf/10.1177/0952076713502216},
   note={internal-pdf://1479558587/Ribbins-2014-Reforming the Civil Service and r.pdf},
   year = {2014},
   type = {Journal Article}
}

@article{RN60,
   author = {Ribbins, P. and Sherratt, B.},
   title = {Centrism and the mandarin class: Understanding the meta-politics of Whitehall bureaucratic neutrality},
   journal = {Public Policy and Administration},
   volume = {30},
   number = {1},
   pages = {5-30},
   ISSN = {0952-0767},
   DOI = {10.1177/0952076714531810},
   url = {<Go to ISI>://WOS:000371127300002
http://journals.sagepub.com/doi/pdf/10.1177/0952076714531810},
   note={internal-pdf://3413860236/Ribbins-2015-Centrism and the mandarin class_.pdf},
   year = {2015},
   type = {Journal Article}
}

@article{RN14,
   author = {Rogge, N. and Agasisti, T. and De Witte, K.},
   title = {Big data and the measurement of public organizations' performance and efficiency: The state-of-the-art},
   journal = {Public Policy and Administration},
   volume = {32},
   number = {4},
   pages = {263-281},
   ISSN = {0952-0767},
   DOI = {10.1177/0952076716687355},
   url = {<Go to ISI>://WOS:000411814200002
http://journals.sagepub.com/doi/pdf/10.1177/0952076716687355},
   note={internal-pdf://1571646495/Rogge-2017-Big data and the measurement of pub.pdf},
   year = {2017},
   type = {Journal Article}
}

@article{RN22,
   author = {Rolle, D.},
   title = {Mass media and bureaucracy-bashing: Does the media influence public attitudes towards public administration?},
   journal = {Public Policy and Administration},
   volume = {32},
   number = {3},
   pages = {232-258},
   ISSN = {0952-0767},
   DOI = {10.1177/0952076716658798},
   url = {<Go to ISI>://WOS:000403597200004
http://journals.sagepub.com/doi/pdf/10.1177/0952076716658798},
   note={internal-pdf://2648930638/Rolle-2017-Mass media and bureaucracy-bashing_.pdf},
   year = {2017},
   type = {Journal Article}
}

@article{RN27,
   author = {Ruffing, E.},
   title = {Inside regulatory bureaucracy: When Europe hits home in pharmaceuticals and chemicals},
   journal = {Public Policy and Administration},
   volume = {32},
   number = {1},
   pages = {3-23},
   ISSN = {0952-0767},
   DOI = {10.1177/0952076715616999},
   url = {<Go to ISI>://WOS:000397826300001
http://journals.sagepub.com/doi/pdf/10.1177/0952076715616999},
   note={internal-pdf://0351700667/Ruffing-2017-Inside regulatory bureaucracy_ Wh.pdf},
   year = {2017},
   type = {Journal Article}
}

@article{RN76,
   author = {Rykkja, L. H. and Neby, S. and Hope, K. L.},
   title = {Implementation and governance: Current and future research on climate change policies},
   journal = {Public Policy and Administration},
   volume = {29},
   number = {2},
   pages = {106-130},
   ISSN = {0952-0767},
   DOI = {10.1177/0952076713510344},
   url = {<Go to ISI>://WOS:000209645700003
http://journals.sagepub.com/doi/pdf/10.1177/0952076713510344},
   note={internal-pdf://1981476197/Rykkja-2014-Implementation and governance_ Cur.pdf},
   year = {2014},
   type = {Journal Article}
}

@article{RN75,
   author = {Saetren, H.},
   title = {Implementing the third generation research paradigm in policy implementation research: An empirical assessment},
   journal = {Public Policy and Administration},
   volume = {29},
   number = {2},
   pages = {84-105},
   ISSN = {0952-0767},
   DOI = {10.1177/0952076713513487},
   url = {<Go to ISI>://WOS:000209645700002
http://journals.sagepub.com/doi/pdf/10.1177/0952076713513487},
   note={internal-pdf://2153157438/Saetren-2014-Implementing the third generation.pdf},
   year = {2014},
   type = {Journal Article}
}

@article{RN38,
   author = {Santandrea, M. and Bailey, S. and Giorgino, M.},
   title = {Value for money in UK healthcare public-private partnerships: A fragility perspective},
   journal = {Public Policy and Administration},
   volume = {31},
   number = {3},
   pages = {260-279},
   ISSN = {0952-0767},
   DOI = {10.1177/0952076715618003},
   url = {<Go to ISI>://WOS:000378555400004
http://journals.sagepub.com/doi/pdf/10.1177/0952076715618003},
   note={internal-pdf://0670146591/Santandrea-2016-Value for money in UK healthca.pdf},
   year = {2016},
   type = {Journal Article}
}

@article{RN41,
   author = {Santinha, G.},
   title = {Governance for health: Is the cultural "lone ranger' behaviour still prevailing? Perspectives from policy-makers in Portugal},
   journal = {Public Policy and Administration},
   volume = {31},
   number = {2},
   pages = {147-168},
   ISSN = {0952-0767},
   DOI = {10.1177/0952076715595134},
   url = {<Go to ISI>://WOS:000371610500003
http://journals.sagepub.com/doi/pdf/10.1177/0952076715595134},
   note={internal-pdf://1817685295/Santinha-2016-Governance for health_ Is the cu.pdf},
   year = {2016},
   type = {Journal Article}
}

@article{RN68,
   author = {Smith, N. and Mitton, C. and Davidson, A. and Williams, I.},
   title = {A politics of priority setting: Ideas, interests and institutions in healthcare resource allocation},
   journal = {Public Policy and Administration},
   volume = {29},
   number = {4},
   pages = {331-347},
   ISSN = {0952-0767},
   DOI = {10.1177/0952076714529141},
   url = {<Go to ISI>://WOS:000209645900004
http://journals.sagepub.com/doi/pdf/10.1177/0952076714529141},
   note={internal-pdf://2686237044/Smith-2014-A politics of priority setting_ Ide.pdf},
   year = {2014},
   type = {Journal Article}
}

@article{RN44,
   author = {Sorte, W. F.},
   title = {Nurturing domestic firms through public procurement: A comparison between Brazil and Japan},
   journal = {Public Policy and Administration},
   volume = {31},
   number = {1},
   pages = {29-50},
   ISSN = {0952-0767},
   DOI = {10.1177/0952076715603444},
   url = {<Go to ISI>://WOS:000371129100002
http://journals.sagepub.com/doi/pdf/10.1177/0952076715603444},
   note={internal-pdf://0444516003/Sorte-2016-Nurturing domestic firms through pu.pdf},
   year = {2016},
   type = {Journal Article}
}

@article{RN63,
   author = {Stark, A.},
   title = {More micro than meta? Competing concepts of metagovernance in the European Union},
   journal = {Public Policy and Administration},
   volume = {30},
   number = {1},
   pages = {73-91},
   ISSN = {0952-0767},
   DOI = {10.1177/0952076714543862},
   url = {<Go to ISI>://WOS:000371127300005
http://journals.sagepub.com/doi/pdf/10.1177/0952076714543862},
   note={internal-pdf://2320028469/Stark-2015-More micro than meta_ Competing con.pdf},
   year = {2015},
   type = {Journal Article}
}

@article{RN55,
   author = {Strawczynski, M. and Myronichev, N.},
   title = {The persuasive role of information: The case of EITC reminders by mail},
   journal = {Public Policy and Administration},
   volume = {30},
   number = {2},
   pages = {115-144},
   ISSN = {0952-0767},
   DOI = {10.1177/0952076714558222},
   url = {<Go to ISI>://WOS:000371127700001
http://journals.sagepub.com/doi/pdf/10.1177/0952076714558222},
   note={internal-pdf://2331500754/Strawczynski-2015-The persuasive role of infor.pdf},
   year = {2015},
   type = {Journal Article}
}

@article{RN4,
   author = {Thomas, M.},
   title = {The efficiency of ministries in transposing EU directives: Evidence from Ireland},
   journal = {Public Policy and Administration},
   volume = {33},
   number = {2},
   pages = {190-215},
   ISSN = {0952-0767},
   DOI = {10.1177/0952076716687616},
   url = {<Go to ISI>://WOS:000429921100004
http://journals.sagepub.com/doi/pdf/10.1177/0952076716687616},
   note={internal-pdf://2130705044/Thomas-2018-The efficiency of ministries in tr.pdf},
   year = {2018},
   type = {Journal Article}
}

@article{RN29,
   author = {van de Bovenkamp, H. M. and Stoopendaal, A. and Bal, R.},
   title = {Working with layers: The governance and regulation of healthcare quality in an institutionally layered system},
   journal = {Public Policy and Administration},
   volume = {32},
   number = {1},
   pages = {45-65},
   ISSN = {0952-0767},
   DOI = {10.1177/0952076716652934},
   url = {<Go to ISI>://WOS:000397826300003
https://www.ncbi.nlm.nih.gov/pmc/articles/PMC5447897/pdf/10.1177_0952076716652934.pdf},
   note={internal-pdf://4186701686/van de Bovenkam-2017-Working with layers_ The.pdf},
   year = {2017},
   type = {Journal Article}
}

@article{RN53,
   author = {van der Steen, M. and Scherpenisse, J. and van Twist, M. and t Hart, P.},
   title = {How to see failure: Attempts by the Inspectorate of Education to detect and disarm failure in Dutch education policy},
   journal = {Public Policy and Administration},
   volume = {30},
   number = {3-4},
   pages = {320-341},
   ISSN = {0952-0767},
   DOI = {10.1177/0952076715581089},
   url = {<Go to ISI>://WOS:000371128400007
http://journals.sagepub.com/doi/pdf/10.1177/0952076715581089},
   note={internal-pdf://4234807266/van der Steen-2015-How to see failure_ Attempt.pdf},
   year = {2015},
   type = {Journal Article}
}

@article{RN64,
   author = {Vestlund, N. M.},
   title = {Changing policy focus through organizational reform? The case of the pharmaceutical unit in the European Commission},
   journal = {Public Policy and Administration},
   volume = {30},
   number = {1},
   pages = {92-112},
   ISSN = {0952-0767},
   DOI = {10.1177/0952076714537864},
   url = {<Go to ISI>://WOS:000371127300006
http://journals.sagepub.com/doi/pdf/10.1177/0952076714537864},
   note={internal-pdf://0745083989/Vestlund-2015-Changing policy focus through or.pdf},
   year = {2015},
   type = {Journal Article}
}

@article{RN5,
   author = {Wallis, J. and Brodtkorb, T. and Dollery, B.},
   title = {Advancing commission scholarship by inferring leadership legacy motivations from commission reports: The case of Sir Michael Lyons},
   journal = {Public Policy and Administration},
   volume = {33},
   number = {2},
   pages = {216-237},
   ISSN = {0952-0767},
   DOI = {10.1177/0952076717699261},
   url = {<Go to ISI>://WOS:000429921100005
http://journals.sagepub.com/doi/pdf/10.1177/0952076717699261},
   note={internal-pdf://3491700952/Wallis-2018-Advancing commission scholarship b.pdf},
   year = {2018},
   type = {Journal Article}
}

@article{RN2,
   author = {Wenzel, B.},
   title = {Rational instrument or symbolic signal? Explaining coordination structures in the Directorate-General for Fisheries and Maritime Affairs of the European Commission},
   journal = {Public Policy and Administration},
   volume = {33},
   number = {2},
   pages = {149-169},
   ISSN = {0952-0767},
   DOI = {10.1177/0952076716683764},
   url = {<Go to ISI>://WOS:000429921100002
http://journals.sagepub.com/doi/pdf/10.1177/0952076716683764},
   note={internal-pdf://0735260042/Wenzel-2018-Rational instrument or symbolic si.pdf},
   year = {2018},
   type = {Journal Article}
}

@article{RN66,
   author = {Williamson, B.},
   title = {Knowing public services: Cross-sector intermediaries and algorithmic governance in public sector reform},
   journal = {Public Policy and Administration},
   volume = {29},
   number = {4},
   pages = {292-312},
   ISSN = {0952-0767},
   DOI = {10.1177/0952076714529139},
   url = {<Go to ISI>://WOS:000209645900002
http://journals.sagepub.com/doi/pdf/10.1177/0952076714529139},
   note={internal-pdf://0144325165/Williamson-2014-Knowing public services_ Cross.pdf},
   year = {2014},
   type = {Journal Article}
}

@article{RN9,
   author = {Wimmelmann, C. L. and Vallgarda, S. and Jensen, A. M. B.},
   title = {Meet the local policy workers: Implementation of health promotion guidelines in Denmark},
   journal = {Public Policy and Administration},
   volume = {33},
   number = {1},
   pages = {66-87},
   ISSN = {0952-0767},
   DOI = {10.1177/0952076716683568},
   url = {<Go to ISI>://WOS:000418306700004
http://journals.sagepub.com/doi/pdf/10.1177/0952076716683568},
   note={internal-pdf://1986614630/Wimmelmann-2018-Meet the local policy workers_.pdf},
   year = {2018},
   type = {Journal Article}
}

@article{RN49,
   author = {Zittoun, P.},
   title = {Analysing policy failure as an argumentative strategy in the policymaking process: A pragmatist perspective},
   journal = {Public Policy and Administration},
   volume = {30},
   number = {3-4},
   pages = {243-260},
   ISSN = {0952-0767},
   DOI = {10.1177/0952076715581634},
   url = {<Go to ISI>://WOS:000371128400003
http://journals.sagepub.com/doi/pdf/10.1177/0952076715581634},
   note={internal-pdf://2529183939/Zittoun-2015-Analysing policy failure as an ar.pdf},
   year = {2015},
   type = {Journal Article}
}

