@article{RN42,
   author = {Adams, J.},
   title = {On the relationship between (parties' and voters') issue attention and their issue positions: response to Dowding, Hindmoor and Martin},
   journal = {Journal of Public Policy},
   volume = {36},
   number = {1},
   pages = {25-31},
   ISSN = {0143-814X},
   DOI = {10.1017/s0143814x1500015x},
   url = {<Go to ISI>://WOS:000370632500003
https://www.cambridge.org/core/journals/journal-of-public-policy/article/on-the-relationship-between-parties-and-voters-issue-attention-and-their-issue-positions-response-to-dowding-hindmoor-and-martin/7252B5E0F9A77EC50EA855A8ED9E3FC9},
   year = {2016},
   type = {Journal Article}
}

@article{RN54,
   author = {Alexandrova, P.},
   title = {Upsetting the agenda: the clout of external focusing events in the European Council},
   journal = {Journal of Public Policy},
   volume = {35},
   number = {3},
   pages = {505-530},
   ISSN = {0143-814X},
   DOI = {10.1017/s0143814x15000197},
   url = {<Go to ISI>://WOS:000364932000006
https://www.cambridge.org/core/journals/journal-of-public-policy/article/upsetting-the-agenda-the-clout-of-external-focusing-events-in-the-european-council/98E1F25CAC54207702E12096D4E4980F},
   year = {2015},
   type = {Journal Article}
}

@article{RN3,
   author = {Arel-Bundock, V. and Parinandi, S.},
   title = {Conditional tax competition in American states},
   journal = {Journal of Public Policy},
   volume = {38},
   number = {2},
   pages = {191-220},
   ISSN = {0143-814X},
   DOI = {10.1017/s0143814x17000071},
   url = {<Go to ISI>://WOS:000430925600003
https://www.cambridge.org/core/services/aop-cambridge-core/content/view/75DAF208D633638823EE1406C0063A44/S0143814X17000071a.pdf/div-class-title-conditional-tax-competition-in-american-states-div.pdf},
   note={internal-pdf://2266858150/Arel-Bundock-2018-Conditional tax competition.pdf},
   year = {2018},
   type = {Journal Article}
}

@article{RN68,
   author = {Arnold, G.},
   title = {Policy learning and science policy innovation adoption by street-level bureaucrats},
   journal = {Journal of Public Policy},
   volume = {34},
   number = {3},
   pages = {389-414},
   ISSN = {0143-814X},
   DOI = {10.1017/s0143814x14000154},
   url = {<Go to ISI>://WOS:000345704100002
https://www.cambridge.org/core/journals/journal-of-public-policy/article/policy-learning-and-science-policy-innovation-adoption-by-streetlevel-bureaucrats/A112D2EF771C55317E2E3AF2E36100CD},
   year = {2014},
   type = {Journal Article}
}

@article{RN176,
   author = {Asare, B. and Cairney, P. and Studlar, D. T.},
   title = {Federalism and Multilevel Governance in Tobacco Policy: the European Union, the United Kingdom, and Devolved UK Institutions},
   journal = {Journal of Public Policy},
   volume = {29},
   number = {1},
   pages = {79-102},
   ISSN = {0143-814X},
   DOI = {10.1017/s0143814x09000993},
   url = {<Go to ISI>://WOS:000208042800004
https://www.cambridge.org/core/journals/journal-of-public-policy/article/federalism-and-multilevel-governance-in-tobacco-policy-the-european-union-the-united-kingdom-and-devolved-uk-institutions/656F00249ADF863DA9CF1C3EAB0991C2},
   year = {2009},
   type = {Journal Article}
}

@article{RN106,
   author = {Avdan, N.},
   title = {Human trafficking and migration control policy: vicious or virtuous cycle?},
   journal = {Journal of Public Policy},
   volume = {32},
   number = {3},
   pages = {171-205},
   ISSN = {0143-814X},
   DOI = {10.1017/s0143814x12000128},
   url = {<Go to ISI>://WOS:000310692900002
https://www.cambridge.org/core/journals/journal-of-public-policy/article/human-trafficking-and-migration-control-policy-vicious-or-virtuous-cycle/A032055C3FD745C1333E113C0E111EDE},
   year = {2012},
   type = {Journal Article}
}

@article{RN28,
   author = {Bagchi, S.},
   title = {The political economy of tax enforcement: a look at the Internal Revenue Service from 1978 to 2010},
   journal = {Journal of Public Policy},
   volume = {36},
   number = {3},
   pages = {335-380},
   ISSN = {0143-814X},
   DOI = {10.1017/s0143814x1500029x},
   url = {<Go to ISI>://WOS:000382382500001
https://www.cambridge.org/core/journals/journal-of-public-policy/article/political-economy-of-tax-enforcement-a-look-at-the-internal-revenue-service-from-1978-to-2010/8992A9E4D139C2C959E94B18D37EB5CC},
   year = {2016},
   type = {Journal Article}
}

@article{RN52,
   author = {Balla, S. J. and Deering, C. J.},
   title = {Salience, complexity and state resistance to federal mandates},
   journal = {Journal of Public Policy},
   volume = {35},
   number = {3},
   pages = {459-476},
   ISSN = {0143-814X},
   DOI = {10.1017/s0143814x1500001x},
   url = {<Go to ISI>://WOS:000364932000004
https://www.cambridge.org/core/journals/journal-of-public-policy/article/salience-complexity-and-state-resistance-to-federal-mandates/0FDCD14EC0E4391A9111526EB8AF3BCE},
   year = {2015},
   type = {Journal Article}
}

@article{RN78,
   author = {Beland, D. and Lecours, A.},
   title = {Fiscal federalism and American exceptionalism: why is there no federal equalisation system in the United States?},
   journal = {Journal of Public Policy},
   volume = {34},
   number = {2},
   pages = {303-329},
   ISSN = {0143-814X},
   DOI = {10.1017/s0143814x14000038},
   url = {<Go to ISI>://WOS:000337735500006
https://www.cambridge.org/core/journals/journal-of-public-policy/article/fiscal-federalism-and-american-exceptionalism-why-is-there-no-federal-equalisation-system-in-the-united-states/4818ACF7E728670F892B4D3DED77F188},
   year = {2014},
   type = {Journal Article}
}

@article{RN92,
   author = {Benedetto, G.},
   title = {The EU budget after Lisbon: rigidity and reduced spending?},
   journal = {Journal of Public Policy},
   volume = {33},
   number = {3},
   pages = {345-369},
   ISSN = {0143-814X},
   DOI = {10.1017/s0143814x13000172},
   url = {<Go to ISI>://WOS:000325698200005
https://www.cambridge.org/core/journals/journal-of-public-policy/article/eu-budget-after-lisbon-rigidity-and-reduced-spending/36A217A8B7BEFC1B3AF3C8EF40A4BCBF},
   year = {2013},
   type = {Journal Article}
}

@article{RN179,
   author = {Bernhagen, P.},
   title = {Brussels Versus the Beltway: Advocacy in the United States and the European Union},
   journal = {Journal of Public Policy},
   volume = {29},
   number = {1},
   pages = {127-129},
   ISSN = {0143-814X},
   url = {<Go to ISI>://WOS:000208042800006},
   year = {2009},
   type = {Journal Article}
}

@article{RN178,
   author = {Bernhagen, P.},
   title = {Firm Interests: How Governments Shape Business Lobbying on Global Trade},
   journal = {Journal of Public Policy},
   volume = {29},
   number = {1},
   pages = {127-129},
   ISSN = {0143-814X},
   url = {<Go to ISI>://WOS:000208042800007},
   year = {2009},
   type = {Journal Article}
}

@article{RN60,
   author = {Berry, M. J. and Laird, F. N. and Stefes, C. H.},
   title = {Driving energy: the enactment and ambitiousness of state renewable energy policy},
   journal = {Journal of Public Policy},
   volume = {35},
   number = {2},
   pages = {297-328},
   ISSN = {0143-814X},
   DOI = {10.1017/s0143814x15000045},
   url = {<Go to ISI>://WOS:000356925300006
https://www.cambridge.org/core/services/aop-cambridge-core/content/view/10F1FC417BD45C491F2E28606457849C/S0143814X15000045a.pdf/div-class-title-driving-energy-the-enactment-and-ambitiousness-of-state-renewable-energy-policy-div.pdf},
   note={internal-pdf://4272826788/Berry-2015-Driving energy_ the enactment and a.pdf},
   year = {2015},
   type = {Journal Article}
}

@article{RN40,
   author = {Bertelli, A.},
   title = {Untitled},
   journal = {Journal of Public Policy},
   volume = {36},
   number = {1},
   pages = {1-1},
   ISSN = {0143-814X},
   DOI = {10.1017/s0143814x1500032x},
   url = {<Go to ISI>://WOS:000370632500001
https://www.cambridge.org/core/services/aop-cambridge-core/content/view/7DD120F824136CBF343789FD3B295EB5/S0143814X1500032Xa.pdf/div-class-title-from-the-editors-div.pdf},
   note={internal-pdf://0153565242/Bertelli-2016-Untitled.pdf},
   year = {2016},
   type = {Journal Article}
}

@article{RN88,
   author = {Bertelli, A. and John, P.},
   title = {Untitled},
   journal = {Journal of Public Policy},
   volume = {33},
   number = {3},
   pages = {255-257},
   ISSN = {0143-814X},
   DOI = {10.1017/s0143814x13000184},
   url = {<Go to ISI>://WOS:000325698200001
https://www.cambridge.org/core/services/aop-cambridge-core/content/view/F69D9880059A4B14F1E462C7E69F4FE9/S0143814X13000184a.pdf/div-class-title-from-the-editors-div.pdf},
   note={internal-pdf://2174503124/Bertelli-2013-Untitled.pdf},
   year = {2013},
   type = {Journal Article}
}

@article{RN94,
   author = {Bertelli, A. and John, P.},
   title = {Untitled},
   journal = {Journal of Public Policy},
   volume = {33},
   number = {2},
   pages = {109-110},
   ISSN = {0143-814X},
   DOI = {10.1017/s0143814x13000081},
   url = {<Go to ISI>://WOS:000319907500001
https://www.cambridge.org/core/services/aop-cambridge-core/content/view/589A3EC4ABACD94FABE556F7C2105853/S0143814X13000081a.pdf/div-class-title-from-the-editors-div.pdf},
   note={internal-pdf://3845872029/Bertelli-2013-Untitled.pdf},
   year = {2013},
   type = {Journal Article}
}

@article{RN81,
   author = {Bertelli, A. and John, P.},
   title = {From the Editors},
   journal = {Journal of Public Policy},
   volume = {34},
   number = {1},
   pages = {1-1},
   ISSN = {0143-814X},
   DOI = {10.1017/s0143814x13000329},
   url = {<Go to ISI>://WOS:000332509200001
https://www.cambridge.org/core/services/aop-cambridge-core/content/view/19698B488BE266440BAE863139F10B9F/S0143814X13000329a.pdf/div-class-title-from-the-editors-div.pdf},
   note={internal-pdf://0086293270/Bertelli-2014-From the Editors.pdf},
   year = {2014},
   type = {Journal Article}
}

@article{RN73,
   author = {Bertelli, A. and John, P.},
   title = {Untitled},
   journal = {Journal of Public Policy},
   volume = {34},
   number = {2},
   pages = {181-182},
   ISSN = {0143-814X},
   DOI = {10.1017/s0143814x14000087},
   url = {<Go to ISI>://WOS:000337735500001
https://www.cambridge.org/core/services/aop-cambridge-core/content/view/83CA04DDE8AD114A09C2A715214CEACE/S0143814X14000087a.pdf/div-class-title-from-the-editors-div.pdf},
   note={internal-pdf://4051069339/Bertelli-2014-Untitled.pdf},
   year = {2014},
   type = {Journal Article}
}

@article{RN105,
   author = {Bertelli, A. M. and John, P. C.},
   title = {Untitled},
   journal = {Journal of Public Policy},
   volume = {32},
   number = {3},
   pages = {169-170},
   ISSN = {0143-814X},
   DOI = {10.1017/s0143814x12000153},
   url = {<Go to ISI>://WOS:000310692900001
https://www.cambridge.org/core/services/aop-cambridge-core/content/view/BF41B0F1C89C8C09E07AFFD165CB5E50/S0143814X12000153a.pdf/div-class-title-from-the-editors-div.pdf},
   note={internal-pdf://2538804790/Bertelli-2012-Untitled.pdf},
   year = {2012},
   type = {Journal Article}
}

@article{RN110,
   author = {Bertelli, A. M. and John, P. C.},
   title = {Untitled},
   journal = {Journal of Public Policy},
   volume = {32},
   number = {2},
   pages = {77-77},
   ISSN = {0143-814X},
   DOI = {10.1017/s0143814x12000074},
   url = {<Go to ISI>://WOS:000307240100001
https://www.cambridge.org/core/services/aop-cambridge-core/content/view/940304FF842D0C9E5F60CCF48F7A5D2F/S0143814X12000074a.pdf/div-class-title-from-the-editors-div.pdf},
   note={internal-pdf://1919252873/Bertelli-2012-Untitled.pdf},
   year = {2012},
   type = {Journal Article}
}

@article{RN115,
   author = {Bertelli, A. M. and John, P. C.},
   title = {Untitled},
   journal = {Journal of Public Policy},
   volume = {32},
   number = {1},
   pages = {1-3},
   ISSN = {0143-814X},
   DOI = {10.1017/s0143814x11000213},
   url = {<Go to ISI>://WOS:000307239700001
https://www.cambridge.org/core/services/aop-cambridge-core/content/view/DCEDDF0B5622FDB145E321E745902164/S0143814X11000213a.pdf/div-class-title-editorial-div.pdf},
   note={internal-pdf://0218537027/Bertelli-2012-Untitled.pdf},
   year = {2012},
   type = {Journal Article}
}

@article{RN100,
   author = {Bertelli, A. M. and John, P. C.},
   title = {Untitled},
   journal = {Journal of Public Policy},
   volume = {33},
   number = {1},
   pages = {1-2},
   ISSN = {0143-814X},
   DOI = {10.1017/s0143814x12000220},
   url = {<Go to ISI>://WOS:000315458400001
https://www.cambridge.org/core/services/aop-cambridge-core/content/view/7D7295A63791DB01EF18FE2F4974773B/S0143814X12000220a.pdf/div-class-title-from-the-editors-div.pdf},
   note={internal-pdf://1483049460/Bertelli-2013-Untitled.pdf},
   year = {2013},
   type = {Journal Article}
}

@article{RN85,
   author = {Beyers, J. and Braun, C.},
   title = {Ties that count: explaining interest group access to policymakers},
   journal = {Journal of Public Policy},
   volume = {34},
   number = {1},
   pages = {93-121},
   ISSN = {0143-814X},
   DOI = {10.1017/s0143814x13000263},
   url = {<Go to ISI>://WOS:000332509200005
https://www.cambridge.org/core/journals/journal-of-public-policy/article/ties-that-count-explaining-interest-group-access-to-policymakers/5F85EF7A38CFCCACFF71A7A52FDD9DF4},
   year = {2014},
   type = {Journal Article}
}

@article{RN175,
   author = {Binderkrantz, A. S. and Christensen, J. G.},
   title = {Governing Danish Agencies by Contract: From Negotiated Freedom to the Shadow of Hierarchy},
   journal = {Journal of Public Policy},
   volume = {29},
   number = {1},
   pages = {55-78},
   ISSN = {0143-814X},
   DOI = {10.1017/s0143814x09000968},
   url = {<Go to ISI>://WOS:000208042800003
https://www.cambridge.org/core/journals/journal-of-public-policy/article/governing-danish-agencies-by-contract-from-negotiated-freedom-to-the-shadow-of-hierarchy/28F1B7B364DD6F7D5429DD35BC8F09D0},
   year = {2009},
   type = {Journal Article}
}

@article{RN101,
   author = {Boehmke, F. J. and Gailmard, S. and Patty, J. W.},
   title = {Business as usual: interest group access and representation across policy-making venues},
   journal = {Journal of Public Policy},
   volume = {33},
   number = {1},
   pages = {3-33},
   ISSN = {0143-814X},
   DOI = {10.1017/s0143814x12000207},
   url = {<Go to ISI>://WOS:000315458400002
https://www.cambridge.org/core/journals/journal-of-public-policy/article/business-as-usual-interest-group-access-and-representation-across-policymaking-venues/D18548BE4AE2A32D57D8E4B51A4AA6FC},
   year = {2013},
   type = {Journal Article}
}

@article{RN26,
   author = {Bolcha, P. and Rovny, J.},
   title = {Luck or luxury? Possible corruption in the car registration process in the Czech Republic},
   journal = {Journal of Public Policy},
   volume = {36},
   number = {4},
   pages = {603-638},
   ISSN = {0143-814X},
   DOI = {10.1017/s0143814x15000276},
   url = {<Go to ISI>://WOS:000387966900004
https://www.cambridge.org/core/journals/journal-of-public-policy/article/luck-or-luxury-possible-corruption-in-the-car-registration-process-in-the-czech-republic/09B3272B946D3723517ED293F6D7A108},
   year = {2016},
   type = {Journal Article}
}

@article{RN103,
   author = {Bonafont, L. C. and Baumgartner, F. R.},
   title = {Newspaper attention and policy activities in Spain},
   journal = {Journal of Public Policy},
   volume = {33},
   number = {1},
   pages = {65-88},
   ISSN = {0143-814X},
   DOI = {10.1017/s0143814x12000219},
   url = {<Go to ISI>://WOS:000315458400004
https://www.cambridge.org/core/journals/journal-of-public-policy/article/newspaper-attention-and-policy-activities-in-spain/087C6017BF262160FD6D665E9EB91692},
   year = {2013},
   type = {Journal Article}
}

@article{RN168,
   author = {Borzel, T. A. and Heard-Laureote, K.},
   title = {Networks in EU Multi-level Governance: Concepts and Contributions},
   journal = {Journal of Public Policy},
   volume = {29},
   number = {2},
   pages = {135-151},
   ISSN = {0143-814X},
   DOI = {10.1017/s0143814x09001044},
   url = {<Go to ISI>://WOS:000208042900002
https://www.cambridge.org/core/journals/journal-of-public-policy/article/networks-in-eu-multilevel-governance-concepts-and-contributions/C61F478944C1457EB862506DA8B74000},
   year = {2009},
   type = {Journal Article}
}

@article{RN62,
   author = {Bouche, V. and Wittmer, D. E.},
   title = {Gendered diffusion on gendered issues: the case of human trafficking},
   journal = {Journal of Public Policy},
   volume = {35},
   number = {1},
   pages = {1-33},
   ISSN = {0143-814X},
   DOI = {10.1017/s0143814x1400021x},
   url = {<Go to ISI>://WOS:000350196000001
https://www.cambridge.org/core/journals/journal-of-public-policy/article/gendered-diffusion-on-gendered-issues-the-case-of-human-trafficking/33C417585B7401D48943975EE5D52C87},
   year = {2015},
   type = {Journal Article}
}

@article{RN120,
   author = {Bowen, E. R.},
   title = {The Pressman-Wildavsky Paradox: Four Addenda or Why Models Based on Probability Theory Can Predict Implementation Success and Suggest Useful Tactical Advice for Implementers (Reprinted from Journal of Public Policy, vol 2, pg 1-22, 1982)},
   journal = {Journal of Public Policy},
   volume = {31},
   number = {3},
   pages = {241-261},
   ISSN = {0143-814X},
   url = {<Go to ISI>://WOS:000298041500002},
   year = {2011},
   type = {Journal Article}
}

@article{RN133,
   author = {Bressers, H. and de Bruijn, T. and Lulofs, K. and O'Toole, L. J.},
   title = {Negotiation-based Policy Instruments and Performance: Dutch Covenants and Environmental Policy Outcomes},
   journal = {Journal of Public Policy},
   volume = {31},
   number = {2},
   pages = {187-208},
   ISSN = {0143-814X},
   DOI = {10.1017/s0143814x11000079},
   url = {<Go to ISI>://WOS:000294255400004
https://www.cambridge.org/core/journals/journal-of-public-policy/article/negotiationbased-policy-instruments-and-performance-dutch-covenants-and-environmental-policy-outcomes/D6846D7ADDFE126E6E384FE7E21D8EE2},
   year = {2011},
   type = {Journal Article}
}

@article{RN29,
   author = {Brockmann, H. and Genschel, P. and Seelkopf, L.},
   title = {Happy taxation: increasing tax compliance through positive rewards?},
   journal = {Journal of Public Policy},
   volume = {36},
   number = {3},
   pages = {381-406},
   ISSN = {0143-814X},
   DOI = {10.1017/s0143814x15000331},
   url = {<Go to ISI>://WOS:000382382500002
https://www.cambridge.org/core/journals/journal-of-public-policy/article/happy-taxation-increasing-tax-compliance-through-positive-rewards/09FF923F9D312DC4309D3ADF1D483B8B},
   year = {2016},
   type = {Journal Article}
}

@article{RN66,
   author = {Brouard, S. and Guinaudeau, I.},
   title = {Policy beyond politics? Public opinion, party politics and the French pro-nuclear energy policy},
   journal = {Journal of Public Policy},
   volume = {35},
   number = {1},
   pages = {137-170},
   ISSN = {0143-814X},
   DOI = {10.1017/s0143814x14000221},
   url = {<Go to ISI>://WOS:000350196000005
https://www.cambridge.org/core/journals/journal-of-public-policy/article/policy-beyond-politics-public-opinion-party-politics-and-the-french-pronuclear-energy-policy/F8A155CD760351F47615421949F97293},
   year = {2015},
   type = {Journal Article}
}

@article{RN124,
   author = {Bruner, C. M. and Abdelal, R.},
   title = {To Judge Leviathan: Sovereign Credit Ratings, National Law, and the World Economy (Reprinted from Journal of Public Policy, vol 25, pg 191-217, 2005)},
   journal = {Journal of Public Policy},
   volume = {31},
   number = {3},
   pages = {327-353},
   ISSN = {0143-814X},
   DOI = {10.1017/s0143814x05000292},
   url = {<Go to ISI>://WOS:000298041500006
https://www.cambridge.org/core/services/aop-cambridge-core/content/view/25F0DE0339EF16349B5E2E517D5DA6A9/S0143814X05000292a.pdf/div-class-title-to-judge-leviathan-sovereign-credit-ratings-national-law-and-the-world-economy-div.pdf},
   note={internal-pdf://0193022987/Bruner-2011-To Judge Leviathan_ Sovereign Cred.pdf},
   year = {2011},
   type = {Journal Article}
}

@article{RN82,
   author = {Burnett, C. M. and McCubbins, M. D.},
   title = {Sex and the ballot box: perception of ballot measures regarding same-sex marriage and abortion in California},
   journal = {Journal of Public Policy},
   volume = {34},
   number = {1},
   pages = {3-33},
   ISSN = {0143-814X},
   DOI = {10.1017/s0143814x13000226},
   url = {<Go to ISI>://WOS:000332509200002
https://www.cambridge.org/core/journals/journal-of-public-policy/article/sex-and-the-ballot-box-perception-of-ballot-measures-regarding-samesex-marriage-and-abortion-in-california/61007549C626B27C6621E389DDA6C66A},
   year = {2014},
   type = {Journal Article}
}

@article{RN5,
   author = {Busemeyer, M. R. and Seitzl, L.},
   title = {The partisan politics of early childhood education in the German Lander},
   journal = {Journal of Public Policy},
   volume = {38},
   number = {2},
   pages = {243-274},
   ISSN = {0143-814X},
   DOI = {10.1017/s0143814x16000313},
   url = {<Go to ISI>://WOS:000430925600005
https://www.cambridge.org/core/services/aop-cambridge-core/content/view/077A762CCD3ADEFA1AF1BCBDE806F165/S0143814X16000313a.pdf/div-class-title-the-partisan-politics-of-early-childhood-education-in-the-german-span-class-italic-lander-span-div.pdf},
   note={internal-pdf://4107689328/Busemeyer-2018-The partisan politics of early.pdf},
   year = {2018},
   type = {Journal Article}
}

@article{RN9,
   author = {Carley, S. and Nicholson-Crotty, S. and Miller, C. J.},
   title = {Adoption, reinvention and amendment of renewable portfolio standards in the American states},
   journal = {Journal of Public Policy},
   volume = {37},
   number = {4},
   pages = {431-458},
   ISSN = {0143-814X},
   DOI = {10.1017/s0143814x15000379},
   url = {<Go to ISI>://WOS:000414485200004
https://www.cambridge.org/core/journals/journal-of-public-policy/article/adoption-reinvention-and-amendment-of-renewable-portfolio-standards-in-the-american-states/669E468097760934AE6D46A9457A66CA},
   year = {2017},
   type = {Journal Article}
}

@article{RN32,
   author = {Caruana-Galizia, P. and Caruana-Galizia, M.},
   title = {Offshore financial activity and tax policy: evidence from a leaked data set},
   journal = {Journal of Public Policy},
   volume = {36},
   number = {3},
   pages = {457-488},
   ISSN = {0143-814X},
   DOI = {10.1017/s0143814x16000027},
   url = {<Go to ISI>://WOS:000382382500005
https://www.cambridge.org/core/journals/journal-of-public-policy/article/offshore-financial-activity-and-tax-policy-evidence-from-a-leaked-data-set/A8C83C4F6A781B81CA317DAB78E25499},
   year = {2016},
   type = {Journal Article}
}

@article{RN70,
   author = {Casado-Asensio, J. and Steurer, R.},
   title = {Integrated strategies on sustainable development, climate change mitigation and adaptation in Western Europe: communication rather than coordination},
   journal = {Journal of Public Policy},
   volume = {34},
   number = {3},
   pages = {437-473},
   ISSN = {0143-814X},
   DOI = {10.1017/s0143814x13000287},
   url = {<Go to ISI>://WOS:000345704100004
https://www.cambridge.org/core/journals/journal-of-public-policy/article/integrated-strategies-on-sustainable-development-climate-change-mitigation-and-adaptation-in-western-europe-communication-rather-than-coordination/8D581D4406A5548C87F675D2A06D6AC9},
   year = {2014},
   type = {Journal Article}
}

@article{RN71,
   author = {Cepparulo, A. and Gastaldi, F. and Giuriato, L. and Sacchi, A.},
   title = {Budgeting and implementing fiscal policy in Italy},
   journal = {Journal of Public Policy},
   volume = {34},
   number = {3},
   pages = {475-506},
   ISSN = {0143-814X},
   DOI = {10.1017/s0143814x14000105},
   url = {<Go to ISI>://WOS:000345704100005
https://www.cambridge.org/core/journals/journal-of-public-policy/article/budgeting-and-implementing-fiscal-policy-in-italy/86BD450DFA348C96321A26A8865D8882},
   year = {2014},
   type = {Journal Article}
}

@article{RN177,
   author = {Chaques, L. and Palau, A.},
   title = {Comparing the Dynamics of Change in Food Safety and Pharmaceutical Policy in Spain},
   journal = {Journal of Public Policy},
   volume = {29},
   number = {1},
   pages = {103-126},
   ISSN = {0143-814X},
   DOI = {10.1017/s0143814x09000981},
   url = {<Go to ISI>://WOS:000208042800005
https://www.cambridge.org/core/journals/journal-of-public-policy/article/comparing-the-dynamics-of-change-in-food-safety-and-pharmaceutical-policy-in-spain/6CA8E2390C39C452019D1AA1CFAB48F7},
   year = {2009},
   type = {Journal Article}
}

@article{RN114,
   author = {Christensen, J.},
   title = {Bringing the bureaucrats back in: neo-liberal tax reform in New Zealand},
   journal = {Journal of Public Policy},
   volume = {32},
   number = {2},
   pages = {141-168},
   ISSN = {0143-814X},
   DOI = {10.1017/s0143814x12000050},
   url = {<Go to ISI>://WOS:000307240100005
https://www.cambridge.org/core/journals/journal-of-public-policy/article/bringing-the-bureaucrats-back-in-neoliberal-tax-reform-in-new-zealand/E2C693F7263FD6175864B7263B1EFD84},
   year = {2012},
   type = {Journal Article}
}

@article{RN151,
   author = {Christiansen, P. M. and Klitgaard, M. B.},
   title = {Behind the Veil of Vagueness: Success and Failure in Institutional Reforms},
   journal = {Journal of Public Policy},
   volume = {30},
   number = {2},
   pages = {183-200},
   ISSN = {0143-814X},
   DOI = {10.1017/s0143814x10000048},
   url = {<Go to ISI>://WOS:000294253300003
https://www.cambridge.org/core/journals/journal-of-public-policy/article/behind-the-veil-of-vagueness-success-and-failure-in-institutional-reforms/004FB00804AC2B5FBFF8ED7B8E4E50DD},
   year = {2010},
   type = {Journal Article}
}

@article{RN170,
   author = {Christopoulos, D. C. and Quaglia, L.},
   title = {Network Constraints in EU Banking Regulation: The Capital Requirements Directive},
   journal = {Journal of Public Policy},
   volume = {29},
   number = {2},
   pages = {179-200},
   ISSN = {0143-814X},
   DOI = {10.1017/s0143814x09001068},
   url = {<Go to ISI>://WOS:000208042900004
https://www.cambridge.org/core/journals/journal-of-public-policy/article/network-constraints-in-eu-banking-regulation-the-capital-requirements-directive/369D67226550A4F2E7ECC197955DCE3B},
   year = {2009},
   type = {Journal Article}
}

@article{RN49,
   author = {Clinton, J. D. and Grissom, J. A.},
   title = {Public information, public learning and public opinion: democratic accountability in education policy},
   journal = {Journal of Public Policy},
   volume = {35},
   number = {3},
   pages = {355-385},
   ISSN = {0143-814X},
   DOI = {10.1017/s0143814x14000312},
   url = {<Go to ISI>://WOS:000364932000001
https://www.cambridge.org/core/journals/journal-of-public-policy/article/public-information-public-learning-and-public-opinion-democratic-accountability-in-education-policy/AD9F1F2E3A3A45E72A123E7FBE406391},
   year = {2015},
   type = {Journal Article}
}

@article{RN129,
   author = {Cole, A.},
   title = {Prefects in Search of a Role in a Europeanised France},
   journal = {Journal of Public Policy},
   volume = {31},
   number = {3},
   pages = {385-407},
   ISSN = {0143-814X},
   DOI = {10.1017/s0143814x11000122},
   url = {<Go to ISI>://WOS:000298041500011
https://www.cambridge.org/core/journals/journal-of-public-policy/article/prefects-in-search-of-a-role-in-a-europeanised-france/E2593A6FBDE8BF65ADD072B44B7C80B3},
   year = {2011},
   type = {Journal Article}
}

@article{RN63,
   author = {Coulter, K. and Meyer, D. S.},
   title = {High profile rape trials and policy advocacy},
   journal = {Journal of Public Policy},
   volume = {35},
   number = {1},
   pages = {35-61},
   ISSN = {0143-814X},
   DOI = {10.1017/s0143814x1400018x},
   url = {<Go to ISI>://WOS:000350196000002
https://www.cambridge.org/core/journals/journal-of-public-policy/article/high-profile-rape-trials-and-policy-advocacy/792CA65FAB75DBA12D9292D6AEA85A36},
   year = {2015},
   type = {Journal Article}
}

@article{RN111,
   author = {Craft, J. and Howlett, M.},
   title = {Policy formulation, governance shifts and policy influence: location and content in policy advisory systems},
   journal = {Journal of Public Policy},
   volume = {32},
   number = {2},
   pages = {79-98},
   ISSN = {0143-814X},
   DOI = {10.1017/s0143814x12000049},
   url = {<Go to ISI>://WOS:000307240100002
https://www.cambridge.org/core/journals/journal-of-public-policy/article/policy-formulation-governance-shifts-and-policy-influence-location-and-content-in-policy-advisory-systems/C2DEBDED372690803406BDFEA9984999},
   year = {2012},
   type = {Journal Article}
}

@article{RN171,
   author = {Dakowska, D.},
   title = {Networks of Foundations as Norm Entrepreneurs: Between Politics and Policies in EU Decision-making},
   journal = {Journal of Public Policy},
   volume = {29},
   number = {2},
   pages = {201-221},
   ISSN = {0143-814X},
   DOI = {10.1017/s0143814x0900107x},
   url = {<Go to ISI>://WOS:000208042900005
https://www.cambridge.org/core/journals/journal-of-public-policy/article/networks-of-foundations-as-norm-entrepreneurs-between-politics-and-policies-in-eu-decisionmaking/E21D1BAC9A31E09373D000343AA8CB4C},
   year = {2009},
   type = {Journal Article}
}

@article{RN31,
   author = {Davis, J. C. and Nicholson-Crotty, S.},
   title = {Partisanship and tax competition in the American states},
   journal = {Journal of Public Policy},
   volume = {36},
   number = {3},
   pages = {437-456},
   ISSN = {0143-814X},
   DOI = {10.1017/s0143814x15000136},
   url = {<Go to ISI>://WOS:000382382500004
https://www.cambridge.org/core/journals/journal-of-public-policy/article/partisanship-and-tax-competition-in-the-american-states/A08CFA30B1692F766ED5E69D93283D34},
   year = {2016},
   type = {Journal Article}
}

@article{RN153,
   author = {De Nevers, R.},
   title = {The Effectiveness of Self-Regulation by the Private Military and Security Industry},
   journal = {Journal of Public Policy},
   volume = {30},
   number = {2},
   pages = {219-240},
   ISSN = {0143-814X},
   DOI = {10.1017/s0143814x10000036},
   url = {<Go to ISI>://WOS:000294253300005
https://www.cambridge.org/core/journals/journal-of-public-policy/article/effectiveness-of-selfregulation-by-the-private-military-and-security-industry/4E7881E8C544004B3F6A8FB5310DD1EE},
   year = {2010},
   type = {Journal Article}
}

@article{RN23,
   author = {De Wispelaere, J. and Morales, L.},
   title = {The stability of basic income: a constitutional solution for a political problem?},
   journal = {Journal of Public Policy},
   volume = {36},
   number = {4},
   pages = {521-545},
   ISSN = {0143-814X},
   DOI = {10.1017/s0143814x15000264},
   url = {<Go to ISI>://WOS:000387966900001
https://www.cambridge.org/core/journals/journal-of-public-policy/article/stability-of-basic-income-a-constitutional-solution-for-a-political-problem/8E2CA03E768652C89A3D4BE7B0DCE3CD},
   year = {2016},
   type = {Journal Article}
}

@article{RN113,
   author = {Dodds, A. and Kodate, N.},
   title = {Understanding institutional conversion: the case of the National Reporting and Learning System},
   journal = {Journal of Public Policy},
   volume = {32},
   number = {2},
   pages = {117-139},
   ISSN = {0143-814X},
   DOI = {10.1017/s0143814x12000037},
   url = {<Go to ISI>://WOS:000307240100004
https://www.cambridge.org/core/journals/journal-of-public-policy/article/understanding-institutional-conversion-the-case-of-the-national-reporting-and-learning-system/5B8C88CA14F6F775F939672EE9C8708F},
   year = {2012},
   type = {Journal Article}
}

@article{RN48,
   author = {Dormady, N. C. and Englander, G.},
   title = {Carbon allowances and the demand for offsets: a comprehensive assessment of imperfect substitutes},
   journal = {Journal of Public Policy},
   volume = {36},
   number = {1},
   pages = {139-167},
   ISSN = {0143-814X},
   DOI = {10.1017/s0143814x14000336},
   url = {<Go to ISI>://WOS:000370632500009
https://www.cambridge.org/core/journals/journal-of-public-policy/article/carbon-allowances-and-the-demand-for-offsets-a-comprehensive-assessment-of-imperfect-substitutes/17334B0209CFF211A8C9643847E1C3EA},
   year = {2016},
   type = {Journal Article}
}

@article{RN44,
   author = {Dowding, K. and Hindmoor, A. and Martin, A.},
   title = {Attention, content and measurement: rejoinder to Adams and Jones},
   journal = {Journal of Public Policy},
   volume = {36},
   number = {1},
   pages = {46-50},
   ISSN = {0143-814X},
   DOI = {10.1017/s0143814x15000173},
   url = {<Go to ISI>://WOS:000370632500005
https://www.cambridge.org/core/journals/journal-of-public-policy/article/attention-content-and-measurement-rejoinder-to-adams-and-jones/4F2CCA54334C201483340A4163E1E488},
   year = {2016},
   type = {Journal Article}
}

@article{RN41,
   author = {Dowding, K. and Hindmoor, A. and Martin, A.},
   title = {The Comparative Policy Agendas Project: theory, measurement and findings},
   journal = {Journal of Public Policy},
   volume = {36},
   number = {1},
   pages = {3-25},
   ISSN = {0143-814X},
   DOI = {10.1017/s0143814x15000124},
   url = {<Go to ISI>://WOS:000370632500002
https://www.cambridge.org/core/journals/journal-of-public-policy/article/comparative-policy-agendas-project-theory-measurement-and-findings/287A795CD8B938C60C74FADA2CB40700},
   year = {2016},
   type = {Journal Article}
}

@article{RN144,
   author = {Doyle, D.},
   title = {Politics and Privatization: Exogenous pressures, domestic incentives and state divestiture in Latin America},
   journal = {Journal of Public Policy},
   volume = {30},
   number = {3},
   pages = {291-320},
   ISSN = {0143-814X},
   DOI = {10.1017/s0143814x10000127},
   url = {<Go to ISI>://WOS:000294254100003
https://www.cambridge.org/core/journals/journal-of-public-policy/article/politics-and-privatization-exogenous-pressures-domestic-incentives-and-state-divestiture-in-latin-america/9C43888392DADFDF00AE939D64F3AD91},
   year = {2010},
   type = {Journal Article}
}

@article{RN90,
   author = {Edlund, J. and Lindh, A.},
   title = {Institutional trust and welfare state support: on the role of trust in market institutions},
   journal = {Journal of Public Policy},
   volume = {33},
   number = {3},
   pages = {295-317},
   ISSN = {0143-814X},
   DOI = {10.1017/s0143814x13000160},
   url = {<Go to ISI>://WOS:000325698200003
https://www.cambridge.org/core/journals/journal-of-public-policy/article/institutional-trust-and-welfare-state-support-on-the-role-of-trust-in-market-institutions/942210514CD69F68E417E84D6208B9FD},
   year = {2013},
   type = {Journal Article}
}

@article{RN137,
   author = {Eversole, R.},
   title = {Community Agency and Community Engagement: Re-theorising Participation in Governance},
   journal = {Journal of Public Policy},
   volume = {31},
   number = {1},
   pages = {51-71},
   ISSN = {0143-814X},
   DOI = {10.1017/s0143814x10000206},
   url = {<Go to ISI>://WOS:000294254700003
https://www.cambridge.org/core/journals/journal-of-public-policy/article/community-agency-and-community-engagement-retheorising-participation-in-governance/B9765AEA053E1A5E18E06E19A57C35C2},
   year = {2011},
   type = {Journal Article}
}

@article{RN159,
   author = {Falkner, G.},
   title = {Institutional Performance and Compliance with EU Law: Czech Republic, Hungary, Slovakia and Slovenia},
   journal = {Journal of Public Policy},
   volume = {30},
   number = {1},
   pages = {101-116},
   ISSN = {0143-814X},
   DOI = {10.1017/s0143814x09990183},
   url = {<Go to ISI>://WOS:000294253100006
https://www.cambridge.org/core/journals/journal-of-public-policy/article/institutional-performance-and-compliance-with-eu-law-czech-republic-hungary-slovakia-and-slovenia/5A77D546298C58007629F3146CD4A438},
   year = {2010},
   type = {Journal Article}
}

@article{RN58,
   author = {Fischer, M.},
   title = {Institutions and coalitions in policy processes: a cross-sectoral comparison},
   journal = {Journal of Public Policy},
   volume = {35},
   number = {2},
   pages = {245-268},
   ISSN = {0143-814X},
   DOI = {10.1017/s0143814x14000166},
   url = {<Go to ISI>://WOS:000356925300004
https://www.cambridge.org/core/journals/journal-of-public-policy/article/institutions-and-coalitions-in-policy-processes-a-crosssectoral-comparison/AFC9CBD936FFD55F64546B677289EED9},
   year = {2015},
   type = {Journal Article}
}

@article{RN39,
   author = {Fischer, M. and Ingold, K. and Sciarini, P. and Varone, F.},
   title = {Dealing with bad guys: actor- and process-level determinants of the "devil shift" in policy making},
   journal = {Journal of Public Policy},
   volume = {36},
   number = {2},
   pages = {309-334},
   ISSN = {0143-814X},
   DOI = {10.1017/s0143814x15000021},
   url = {<Go to ISI>://WOS:000375949500006
https://www.cambridge.org/core/journals/journal-of-public-policy/article/dealing-with-bad-guys-actor-and-processlevel-determinants-of-the-devil-shift-in-policy-making/81FAE1C9A099215FDE4CE73157E4B3CE},
   year = {2016},
   type = {Journal Article}
}

@article{RN30,
   author = {Franchino, F. and Mainenti, M.},
   title = {The electoral foundations to noncompliance: addressing the puzzle of unlawful state aid in the European Union},
   journal = {Journal of Public Policy},
   volume = {36},
   number = {3},
   pages = {407-436},
   ISSN = {0143-814X},
   DOI = {10.1017/s0143814x15000343},
   url = {<Go to ISI>://WOS:000382382500003
https://www.cambridge.org/core/journals/journal-of-public-policy/article/electoral-foundations-to-noncompliance-addressing-the-puzzle-of-unlawful-state-aid-in-the-european-union/5618DC65A2C373558D4A27B404BA52CF},
   year = {2016},
   type = {Journal Article}
}

@article{RN86,
   author = {Frijns, B. and Gilbert, A. and Tourani-Rad, A.},
   title = {Learning by doing: the role of financial experience in financial literacy},
   journal = {Journal of Public Policy},
   volume = {34},
   number = {1},
   pages = {123-154},
   ISSN = {0143-814X},
   DOI = {10.1017/s0143814x13000275},
   url = {<Go to ISI>://WOS:000332509200006
https://www.cambridge.org/core/journals/journal-of-public-policy/article/learning-by-doing-the-role-of-financial-experience-in-financial-literacy/C23B4B230D8599499A40AD9E47443194},
   year = {2014},
   type = {Journal Article}
}

@article{RN11,
   author = {Gailmard, S. and Patty, J. W.},
   title = {Participation, process and policy: the informational value of politicised judicial review},
   journal = {Journal of Public Policy},
   volume = {37},
   number = {3},
   pages = {233-260},
   ISSN = {0143-814X},
   DOI = {10.1017/s0143814x16000106},
   url = {<Go to ISI>://WOS:000407553600001
https://www.cambridge.org/core/journals/journal-of-public-policy/article/participation-process-and-policy-the-informational-value-of-politicised-judicial-review/0A4F8A41343234AC7A6BCAB965169FB8},
   year = {2017},
   type = {Journal Article}
}

@article{RN117,
   author = {Grossman, P. Z.},
   title = {The logic of deflective action: US energy shocks and the US policy process},
   journal = {Journal of Public Policy},
   volume = {32},
   number = {1},
   pages = {33-51},
   ISSN = {0143-814X},
   DOI = {10.1017/s0143814x11000195},
   url = {<Go to ISI>://WOS:000307239700003
https://www.cambridge.org/core/journals/journal-of-public-policy/article/logic-of-deflective-action-us-energy-shocks-and-the-us-policy-process/FD3EFBCA8B9186F0CA962C8644A3027E},
   year = {2012},
   type = {Journal Article}
}

@article{RN147,
   author = {Hall, P. A.},
   title = {United in Diversity? Comparing Social Models in Europe and America},
   journal = {Journal of Public Policy},
   volume = {30},
   number = {3},
   pages = {363-365},
   ISSN = {0143-814X},
   DOI = {10.1017/s0143814x10000140},
   url = {<Go to ISI>://WOS:000294254100006
https://www.cambridge.org/core/journals/journal-of-public-policy/article/jens-alber-and-neil-gilbert-eds-united-in-diversity-comparing-social-models-in-europe-and-america-oxford-oxford-university-press-2009-pp-450-hardcover-isbn-9780195376630/E6977C4222FC0095D857976B993CA664},
   year = {2010},
   type = {Journal Article}
}

@article{RN156,
   author = {Hallerberg, M. and Ylaoutinen, S.},
   title = {Political Power, Fiscal Institutions and Budgetary Outcomes in Central and Eastern Europe},
   journal = {Journal of Public Policy},
   volume = {30},
   number = {1},
   pages = {45-62},
   ISSN = {0143-814X},
   DOI = {10.1017/s0143814x09990213},
   url = {<Go to ISI>://WOS:000294253100003
https://www.cambridge.org/core/journals/journal-of-public-policy/article/political-power-fiscal-institutions-and-budgetary-outcomes-in-central-and-eastern-europe/7AD0847CC295C022112834E4BC3BCF32},
   year = {2010},
   type = {Journal Article}
}

@article{RN10,
   author = {Hanegraaff, M. and Poletti, A. and Beyers, J.},
   title = {Explaining varying lobbying styles across the Atlantic: an empirical test of the cultural and institutional explanations},
   journal = {Journal of Public Policy},
   volume = {37},
   number = {4},
   pages = {459-486},
   ISSN = {0143-814X},
   DOI = {10.1017/s0143814x16000052},
   url = {<Go to ISI>://WOS:000414485200005
https://www.cambridge.org/core/journals/journal-of-public-policy/article/explaining-varying-lobbying-styles-across-the-atlantic-an-empirical-test-of-the-cultural-and-institutional-explanations/544611FBDB46EB0D772110803924860D},
   year = {2017},
   type = {Journal Article}
}

@article{RN53,
   author = {Hansen, M. A.},
   title = {Explaining deviations from the Stability and Growth Pact: power, ideology, economic need or diffusion?},
   journal = {Journal of Public Policy},
   volume = {35},
   number = {3},
   pages = {477-504},
   ISSN = {0143-814X},
   DOI = {10.1017/s0143814x15000094},
   url = {<Go to ISI>://WOS:000364932000005
https://www.cambridge.org/core/journals/journal-of-public-policy/article/explaining-deviations-from-the-stability-and-growth-pact-power-ideology-economic-need-or-diffusion/774AD877CA16DC91BD5654507F3DE364},
   year = {2015},
   type = {Journal Article}
}

@article{RN169,
   author = {Henning, Chca},
   title = {Networks of Power in the CAP System of the EU-15 and EU-27},
   journal = {Journal of Public Policy},
   volume = {29},
   number = {2},
   pages = {153-177},
   ISSN = {0143-814X},
   DOI = {10.1017/s0143814x09001056},
   url = {<Go to ISI>://WOS:000208042900003
https://www.cambridge.org/core/journals/journal-of-public-policy/article/networks-of-power-in-the-cap-system-of-the-eu15-and-eu27/CC53352788D8BDE392E175A8DC3F3026},
   year = {2009},
   type = {Journal Article}
}

@article{RN72,
   author = {Heywood, P. M. and Rose, J.},
   title = {"Close but no Cigar": the measurement of corruption},
   journal = {Journal of Public Policy},
   volume = {34},
   number = {3},
   pages = {507-529},
   ISSN = {0143-814X},
   DOI = {10.1017/s0143814x14000099},
   url = {<Go to ISI>://WOS:000345704100006
https://www.cambridge.org/core/journals/journal-of-public-policy/article/close-but-no-cigar-the-measurement-of-corruption/0A14B9F2B29ED9E7D328CD8CD5285555},
   year = {2014},
   type = {Journal Article}
}

@article{RN38,
   author = {Hick, R.},
   title = {Material poverty and multiple deprivation in Britain: the distinctiveness of multidimensional assessment},
   journal = {Journal of Public Policy},
   volume = {36},
   number = {2},
   pages = {277-308},
   ISSN = {0143-814X},
   DOI = {10.1017/s0143814x14000348},
   url = {<Go to ISI>://WOS:000375949500005
https://www.cambridge.org/core/journals/journal-of-public-policy/article/material-poverty-and-multiple-deprivation-in-britain-the-distinctiveness-of-multidimensional-assessment/880CF0F8EB5FA6747F3C368258545DB6},
   year = {2016},
   type = {Journal Article}
}

@article{RN64,
   author = {Hindmoor, A. and McConnell, A.},
   title = {Who saw it coming? The UK's great financial crisis},
   journal = {Journal of Public Policy},
   volume = {35},
   number = {1},
   pages = {63-96},
   ISSN = {0143-814X},
   DOI = {10.1017/s0143814x1400004x},
   url = {<Go to ISI>://WOS:000350196000003
https://www.cambridge.org/core/journals/journal-of-public-policy/article/who-saw-it-coming-the-uks-great-financial-crisis/45C017728160A2DFA5F5F4D70D43C03D},
   year = {2015},
   type = {Journal Article}
}

@article{RN4,
   author = {Hinterleitner, M.},
   title = {Policy failures, blame games and changes to policy practice},
   journal = {Journal of Public Policy},
   volume = {38},
   number = {2},
   pages = {221-242},
   ISSN = {0143-814X},
   DOI = {10.1017/s0143814x16000283},
   url = {<Go to ISI>://WOS:000430925600004
https://www.cambridge.org/core/services/aop-cambridge-core/content/view/C21233F696BAD7F7E367112366FDBB05/S0143814X16000283a.pdf/div-class-title-policy-failures-blame-games-and-changes-to-policy-practice-div.pdf},
   note={internal-pdf://3235899208/Hinterleitner-2018-Policy failures, blame game.pdf},
   year = {2018},
   type = {Journal Article}
}

@article{RN161,
   author = {Howlett, M.},
   title = {Process Sequencing Policy Dynamics: Beyond Homeostasis and Path Dependency},
   journal = {Journal of Public Policy},
   volume = {29},
   number = {3},
   pages = {241-262},
   ISSN = {0143-814X},
   DOI = {10.1017/s0143814x09990158},
   url = {<Go to ISI>://WOS:000208043000001
https://www.cambridge.org/core/journals/journal-of-public-policy/article/process-sequencing-policy-dynamics-beyond-homeostasis-and-path-dependency/12B68C735396FA945BDC7081DE8ED5A0},
   year = {2009},
   type = {Journal Article}
}

@article{RN25,
   author = {Hubscher, E.},
   title = {The politics of fiscal consolidation revisited},
   journal = {Journal of Public Policy},
   volume = {36},
   number = {4},
   pages = {573-601},
   ISSN = {0143-814X},
   DOI = {10.1017/s0143814x15000057},
   url = {<Go to ISI>://WOS:000387966900003
https://www.cambridge.org/core/journals/journal-of-public-policy/article/politics-of-fiscal-consolidation-revisited/948EB2463F98AFC8D21D51CB8449D9E9},
   year = {2016},
   type = {Journal Article}
}

@article{RN155,
   author = {Jahn, D. and Muller-Rommel, F.},
   title = {Political Institutions and Policy Performance: A Comparative Analysis of Central and Eastern Europe},
   journal = {Journal of Public Policy},
   volume = {30},
   number = {1},
   pages = {23-44},
   ISSN = {0143-814X},
   DOI = {10.1017/s0143814x09990250},
   url = {<Go to ISI>://WOS:000294253100002
https://www.cambridge.org/core/journals/journal-of-public-policy/article/political-institutions-and-policy-performance-a-comparative-analysis-of-central-and-eastern-europe/00FB04A358A6D14CD91307195D81AE15},
   year = {2010},
   type = {Journal Article}
}

@article{RN163,
   author = {Jensen, C.},
   title = {Policy Punctuations in Mature Welfare States},
   journal = {Journal of Public Policy},
   volume = {29},
   number = {3},
   pages = {287-303},
   ISSN = {0143-814X},
   DOI = {10.1017/s0143814x09990080},
   url = {<Go to ISI>://WOS:000208043000003
https://www.cambridge.org/core/journals/journal-of-public-policy/article/policy-punctuations-in-mature-welfare-states/E0825F9CFEF41A501331C1CB836A87FD},
   year = {2009},
   type = {Journal Article}
}

@article{RN22,
   author = {Jensen, N. M.},
   title = {Job creation and firm-specific location incentives},
   journal = {Journal of Public Policy},
   volume = {37},
   number = {1},
   pages = {85-112},
   ISSN = {0143-814X},
   DOI = {10.1017/s0143814x16000039},
   url = {<Go to ISI>://WOS:000395413200004
https://www.cambridge.org/core/journals/journal-of-public-policy/article/job-creation-and-firmspecific-location-incentives/8DEF2F1624A629AEA87B71A533E4EB9D},
   year = {2017},
   type = {Journal Article}
}

@article{RN43,
   author = {Jones, B. D.},
   title = {The Comparative Policy Agendas Projects as measurement systems: response to Dowding, Hindmoor and Martin},
   journal = {Journal of Public Policy},
   volume = {36},
   number = {1},
   pages = {31-46},
   ISSN = {0143-814X},
   DOI = {10.1017/s0143814x15000161},
   url = {<Go to ISI>://WOS:000370632500004
https://www.cambridge.org/core/journals/journal-of-public-policy/article/comparative-policy-agendas-projects-as-measurement-systems-response-to-dowding-hindmoor-and-martin/4DF077A499473DEC601758E6C5850CD6},
   year = {2016},
   type = {Journal Article}
}

@article{RN125,
   author = {Jones, C. O.},
   title = {On Being an Editor Twice (Reprinted from Journal of Public Policy, vol 6, pg 113-119, 1986)},
   journal = {Journal of Public Policy},
   volume = {31},
   number = {3},
   pages = {355-357},
   ISSN = {0143-814X},
   url = {<Go to ISI>://WOS:000298041500007},
   year = {2011},
   type = {Journal Article}
}

@article{RN172,
   author = {Kaiser, W.},
   title = {Bringing History Back In To the Study of Transnational Networks in European Integration},
   journal = {Journal of Public Policy},
   volume = {29},
   number = {2},
   pages = {223-239},
   ISSN = {0143-814X},
   DOI = {10.1017/s0143814x09001032},
   url = {<Go to ISI>://WOS:000208042900006
https://www.cambridge.org/core/journals/journal-of-public-policy/article/bringing-history-back-in-to-the-study-of-transnational-networks-in-european-integration/D0998737A93338F7732FCE4EC68AFBCD},
   year = {2009},
   type = {Journal Article}
}

@article{RN167,
   author = {Kaiser, W.},
   title = {Introduction: Networks in European Union Governance},
   journal = {Journal of Public Policy},
   volume = {29},
   number = {2},
   pages = {131-133},
   ISSN = {0143-814X},
   DOI = {10.1017/s0143814x09001081},
   url = {<Go to ISI>://WOS:000208042900001
https://www.cambridge.org/core/services/aop-cambridge-core/content/view/6EBB3AD832048F99434A85E53C805A01/S0143814X09001081a.pdf/div-class-title-introduction-networks-in-european-union-governance-div.pdf},
   note={internal-pdf://2381077639/Kaiser-2009-Introduction_ Networks in European.pdf},
   year = {2009},
   type = {Journal Article}
}

@article{RN180,
   author = {Kaiser, W.},
   title = {Theories of Democratic Network Governance},
   journal = {Journal of Public Policy},
   volume = {29},
   number = {1},
   pages = {129-130},
   ISSN = {0143-814X},
   DOI = {10.1017/s0143814x09001019},
   url = {<Go to ISI>://WOS:000208042800008
https://www.cambridge.org/core/journals/journal-of-public-policy/article/eva-sorensen-and-jacob-torfing-eds-theories-of-democratic-network-governance-basingstoke-palgrave-2008-365pp-isbn-9780230220362-pb/B9C4764F6B48627793185DCF2A63A7C2},
   year = {2009},
   type = {Journal Article}
}

@article{RN131,
   author = {Kay, A.},
   title = {UK Monetary Policy Change During the Financial Crisis: Paradigms, Spillovers, and Goal Co-ordination},
   journal = {Journal of Public Policy},
   volume = {31},
   number = {2},
   pages = {143-161},
   ISSN = {0143-814X},
   DOI = {10.1017/s0143814x11000055},
   url = {<Go to ISI>://WOS:000294255400002
https://www.cambridge.org/core/journals/journal-of-public-policy/article/uk-monetary-policy-change-during-the-financial-crisis-paradigms-spillovers-and-goal-coordination/F41D9A6A39CCB513F3309CB9A174807F},
   year = {2011},
   type = {Journal Article}
}

@article{RN150,
   author = {Keman, H.},
   title = {Cutting Back Public Investment after 1980: Collateral Damage, Policy Legacies and Political Adjustment},
   journal = {Journal of Public Policy},
   volume = {30},
   number = {2},
   pages = {163-182},
   ISSN = {0143-814X},
   DOI = {10.1017/s0143814x1000005x},
   url = {<Go to ISI>://WOS:000294253300002
https://www.cambridge.org/core/journals/journal-of-public-policy/article/cutting-back-public-investment-after-1980-collateral-damage-policy-legacies-and-political-adjustment/C960B6D13A57A8AD015333B00CD0FEAB},
   year = {2010},
   type = {Journal Article}
}

@article{RN47,
   author = {Kemmerling, A.},
   title = {The end of work or work without end? How people's beliefs about labour markets shape retirement politics},
   journal = {Journal of Public Policy},
   volume = {36},
   number = {1},
   pages = {109-138},
   ISSN = {0143-814X},
   DOI = {10.1017/s0143814x14000324},
   url = {<Go to ISI>://WOS:000370632500008
https://www.cambridge.org/core/journals/journal-of-public-policy/article/end-of-work-or-work-without-end-how-peoples-beliefs-about-labour-markets-shape-retirement-politics/E1F26E7CF45B902E8BD4295F1F4E7592},
   year = {2016},
   type = {Journal Article}
}

@article{RN89,
   author = {Kim, S. E. and Urpelainen, J.},
   title = {When and how can advocacy groups promote new technologies? Conditions and strategies for effectiveness},
   journal = {Journal of Public Policy},
   volume = {33},
   number = {3},
   pages = {259-293},
   ISSN = {0143-814X},
   DOI = {10.1017/s0143814x13000159},
   url = {<Go to ISI>://WOS:000325698200002
https://www.cambridge.org/core/journals/journal-of-public-policy/article/when-and-how-can-advocacy-groups-promote-new-technologies-conditions-and-strategies-for-effectiveness/DC8BFCCD1148AFCC4B976DA6A11B4174},
   year = {2013},
   type = {Journal Article}
}

@article{RN37,
   author = {Kim, S. E. and Urpelainen, J. and Yang, J.},
   title = {Electric utilities and American climate policy: lobbying by expected winners and losers},
   journal = {Journal of Public Policy},
   volume = {36},
   number = {2},
   pages = {251-275},
   ISSN = {0143-814X},
   DOI = {10.1017/s0143814x15000033},
   url = {<Go to ISI>://WOS:000375949500004
https://www.cambridge.org/core/journals/journal-of-public-policy/article/electric-utilities-and-american-climate-policy-lobbying-by-expected-winners-and-losers/D9EE7E78817A05A7A8CB007DBF2AC034},
   year = {2016},
   type = {Journal Article}
}

@article{RN55,
   author = {Klar, S. and Piston, S.},
   title = {The influence of competing organisational appeals on individual donations},
   journal = {Journal of Public Policy},
   volume = {35},
   number = {2},
   pages = {171-191},
   ISSN = {0143-814X},
   DOI = {10.1017/s0143814x15000203},
   url = {<Go to ISI>://WOS:000356925300001
https://www.cambridge.org/core/services/aop-cambridge-core/content/view/37B95FC61CF9930AA3898BAA95B4D2A0/S0143814X15000203a.pdf/div-class-title-the-influence-of-competing-organisational-appeals-on-individual-donations-div.pdf},
   note={internal-pdf://1052170069/Klar-2015-The influence of competing organisat.pdf},
   year = {2015},
   type = {Journal Article}
}

@article{RN57,
   author = {Kluver, H. and Mahoney, C.},
   title = {Measuring interest group framing strategies in public policy debates},
   journal = {Journal of Public Policy},
   volume = {35},
   number = {2},
   pages = {223-244},
   ISSN = {0143-814X},
   DOI = {10.1017/s0143814x14000294},
   url = {<Go to ISI>://WOS:000356925300003
https://www.cambridge.org/core/journals/journal-of-public-policy/article/measuring-interest-group-framing-strategies-in-public-policy-debates/AAF5C01F06BC2BABC7A1820882DDAA8E},
   year = {2015},
   type = {Journal Article}
}

@article{RN143,
   author = {Kodate, N.},
   title = {Events, Public Discourses and Responsive Government: Quality Assurance in Health Care in England, Sweden and Japan},
   journal = {Journal of Public Policy},
   volume = {30},
   number = {3},
   pages = {263-289},
   ISSN = {0143-814X},
   DOI = {10.1017/s0143814x10000115},
   url = {<Go to ISI>://WOS:000294254100002
https://www.cambridge.org/core/journals/journal-of-public-policy/article/events-public-discourses-and-responsive-government-quality-assurance-in-health-care-in-england-sweden-and-japan/BC2FE8725422BECA2DFA50C3AC0C820A},
   year = {2010},
   type = {Journal Article}
}

@article{RN27,
   author = {Koning, E. A.},
   title = {The three institutionalisms and institutional dynamics: understanding endogenous and exogenous change},
   journal = {Journal of Public Policy},
   volume = {36},
   number = {4},
   pages = {639-664},
   ISSN = {0143-814X},
   DOI = {10.1017/s0143814x15000240},
   url = {<Go to ISI>://WOS:000387966900005
https://www.cambridge.org/core/journals/journal-of-public-policy/article/three-institutionalisms-and-institutional-dynamics-understanding-endogenous-and-exogenous-change/175B3E14A4975817CE3045D012A213E7},
   year = {2016},
   type = {Journal Article}
}

@article{RN145,
   author = {Konold, D.},
   title = {Farm Interests as Bargaining Chips: France in the EU-Mercosur Free Trade Negotiations},
   journal = {Journal of Public Policy},
   volume = {30},
   number = {3},
   pages = {321-343},
   ISSN = {0143-814X},
   DOI = {10.1017/s0143814x10000139},
   url = {<Go to ISI>://WOS:000294254100004
https://www.cambridge.org/core/journals/journal-of-public-policy/article/farm-interests-as-bargaining-chips-france-in-the-eumercosur-free-trade-negotiations/51D994B944D7A10A860D6A90E6A5087B},
   year = {2010},
   type = {Journal Article}
}

@article{RN134,
   author = {Koop, C.},
   title = {Explaining the Accountability of Independent Agencies: The Importance of Political Salience},
   journal = {Journal of Public Policy},
   volume = {31},
   number = {2},
   pages = {209-234},
   ISSN = {0143-814X},
   DOI = {10.1017/s0143814x11000080},
   url = {<Go to ISI>://WOS:000294255400005
https://www.cambridge.org/core/journals/journal-of-public-policy/article/explaining-the-accountability-of-independent-agencies-the-importance-of-political-salience/F241F99347E09B585C60480DB5B4A200},
   year = {2011},
   type = {Journal Article}
}

@article{RN95,
   author = {Krause, G. A.},
   title = {Representative democracy and policy-making in the administrative state: is agency policy-making necessarily better?},
   journal = {Journal of Public Policy},
   volume = {33},
   number = {2},
   pages = {111-135},
   ISSN = {0143-814X},
   DOI = {10.1017/s0143814x13000044},
   url = {<Go to ISI>://WOS:000319907500002
https://www.cambridge.org/core/journals/journal-of-public-policy/article/representative-democracy-and-policymaking-in-the-administrative-state-is-agency-policymaking-necessarily-better/A0796BCC79273D29327A26464067385F},
   year = {2013},
   type = {Journal Article}
}

@article{RN18,
   author = {Lavery, L.},
   title = {Lessons learned: how parents respond to school mandates and sanctions},
   journal = {Journal of Public Policy},
   volume = {37},
   number = {2},
   pages = {205-232},
   ISSN = {0143-814X},
   DOI = {10.1017/s0143814x16000143},
   url = {<Go to ISI>://WOS:000400603400004
https://www.cambridge.org/core/journals/journal-of-public-policy/article/lessons-learned-how-parents-respond-to-school-mandates-and-sanctions/EAF6415DF0B9C1413D21C2B1E89674A8},
   year = {2017},
   type = {Journal Article}
}

@article{RN107,
   author = {Lierse, H.},
   title = {European taxation during the crisis: does politics matter?},
   journal = {Journal of Public Policy},
   volume = {32},
   number = {3},
   pages = {207-230},
   ISSN = {0143-814X},
   DOI = {10.1017/s0143814x12000116},
   url = {<Go to ISI>://WOS:000310692900003
https://www.cambridge.org/core/journals/journal-of-public-policy/article/european-taxation-during-the-crisis-does-politics-matter/891604CC204DD7936F18E71E39502979},
   year = {2012},
   type = {Journal Article}
}

@article{RN136,
   author = {Lodge, M.},
   title = {Risk, Regulation and Crisis: Comparing National Responses in Food Safety Regulation},
   journal = {Journal of Public Policy},
   volume = {31},
   number = {1},
   pages = {25-50},
   ISSN = {0143-814X},
   DOI = {10.1017/s0143814x10000218},
   url = {<Go to ISI>://WOS:000294254700002
https://www.cambridge.org/core/journals/journal-of-public-policy/article/risk-regulation-and-crisis-comparing-national-responses-in-food-safety-regulation/94C33845E35283ECCC6DF09A751722D2},
   year = {2011},
   type = {Journal Article}
}

@article{RN91,
   author = {Lynch, M. S. and Madonna, A. J.},
   title = {Partisan brand name building and deficit politics: examining the role of power sharing on party issue consistency},
   journal = {Journal of Public Policy},
   volume = {33},
   number = {3},
   pages = {319-344},
   ISSN = {0143-814X},
   DOI = {10.1017/s0143814x13000135},
   url = {<Go to ISI>://WOS:000325698200004
https://www.cambridge.org/core/journals/journal-of-public-policy/article/partisan-brand-name-building-and-deficit-politics-examining-the-role-of-power-sharing-on-party-issue-consistency/A83005DBED6310E62F77A31FAB4FBFC8},
   year = {2013},
   type = {Journal Article}
}

@article{RN98,
   author = {Lynn, L. E. and Robichau, R. W.},
   title = {Governance and organisational effectiveness: towards a theory of government performance},
   journal = {Journal of Public Policy},
   volume = {33},
   number = {2},
   pages = {201-228},
   ISSN = {0143-814X},
   DOI = {10.1017/s0143814x13000056},
   url = {<Go to ISI>://WOS:000319907500005
https://www.cambridge.org/core/journals/journal-of-public-policy/article/governance-and-organisational-effectiveness-towards-a-theory-of-government-performance/834B233AA8ED730EC713AC4A0FEB7112},
   year = {2013},
   type = {Journal Article}
}

@article{RN6,
   author = {Madonna, A. and Ostrander, I.},
   title = {No vacancy: holdover capacity and the continued staffing of major commissions},
   journal = {Journal of Public Policy},
   volume = {37},
   number = {4},
   pages = {341-361},
   ISSN = {0143-814X},
   DOI = {10.1017/s0143814x16000064},
   url = {<Go to ISI>://WOS:000414485200001
https://www.cambridge.org/core/journals/journal-of-public-policy/article/no-vacancy-holdover-capacity-and-the-continued-staffing-of-major-commissions/7AD69DF3C8FB686B3A20F6098ACFD049},
   year = {2017},
   type = {Journal Article}
}

@article{RN46,
   author = {Maggetti, M. and Gilardi, F.},
   title = {Problems (and solutions) in the measurement of policy diffusion mechanisms},
   journal = {Journal of Public Policy},
   volume = {36},
   number = {1},
   pages = {87-107},
   ISSN = {0143-814X},
   DOI = {10.1017/s0143814x1400035x},
   url = {<Go to ISI>://WOS:000370632500007
https://www.cambridge.org/core/journals/journal-of-public-policy/article/problems-and-solutions-in-the-measurement-of-policy-diffusion-mechanisms/9C06B9C4D37591FC641694FEC07DE5CF},
   year = {2016},
   type = {Journal Article}
}

@article{RN93,
   author = {Manning, M. and Ransley, J. and Smith, C. and Mazerolle, L. and Cook, A.},
   title = {Policing methamphetamine problems: a framework for synthesising expert opinion and evaluating alternative policy options},
   journal = {Journal of Public Policy},
   volume = {33},
   number = {3},
   pages = {371-396},
   ISSN = {0143-814X},
   DOI = {10.1017/s0143814x13000147},
   url = {<Go to ISI>://WOS:000325698200006
https://www.cambridge.org/core/journals/journal-of-public-policy/article/policing-methamphetamine-problems-a-framework-for-synthesising-expert-opinion-and-evaluating-alternative-policy-options/77D9150BC99033B454F2B291CF18EBD4},
   year = {2013},
   type = {Journal Article}
}

@article{RN108,
   author = {Maor, M.},
   title = {Policy overreaction},
   journal = {Journal of Public Policy},
   volume = {32},
   number = {3},
   pages = {231-259},
   ISSN = {0143-814X},
   DOI = {10.1017/s0143814x1200013x},
   url = {<Go to ISI>://WOS:000310692900004
https://www.cambridge.org/core/journals/journal-of-public-policy/article/policy-overreaction/04A3A0E13ADE3A4C3CB58DCB976ED6C7},
   year = {2012},
   type = {Journal Article}
}

@article{RN33,
   author = {Marvel, J. D. and McGrath, R. J.},
   title = {Congress as manager: oversight hearings and agency morale},
   journal = {Journal of Public Policy},
   volume = {36},
   number = {3},
   pages = {489-520},
   ISSN = {0143-814X},
   DOI = {10.1017/s0143814x15000367},
   url = {<Go to ISI>://WOS:000382382500006
https://www.cambridge.org/core/services/aop-cambridge-core/content/view/F14B95A03D06959577D22D39C8D6CA61/S0143814X15000367a.pdf/div-class-title-congress-as-manager-oversight-hearings-and-agency-morale-div.pdf},
   note={internal-pdf://3460635153/Marvel-2016-Congress as manager_ oversight hea.pdf},
   year = {2016},
   type = {Journal Article}
}

@article{RN158,
   author = {Matczak, M. and Bencze, M. and Kuhn, Z.},
   title = {Constitutions, EU Law and Judicial Strategies in the Czech Republic, Hungary and Poland},
   journal = {Journal of Public Policy},
   volume = {30},
   number = {1},
   pages = {81-99},
   ISSN = {0143-814X},
   DOI = {10.1017/s0143814x09990195},
   url = {<Go to ISI>://WOS:000294253100005
https://www.cambridge.org/core/journals/journal-of-public-policy/article/constitutions-eu-law-and-judicial-strategies-in-the-czech-republic-hungary-and-poland/3E4AF28F27E5264749EF7560F82F1F35},
   year = {2010},
   type = {Journal Article}
}

@article{RN135,
   author = {Matzke, M.},
   title = {Political Competition and Unequal Social Rights},
   journal = {Journal of Public Policy},
   volume = {31},
   number = {1},
   pages = {1-24},
   ISSN = {0143-814X},
   DOI = {10.1017/s0143814x1000022x},
   url = {<Go to ISI>://WOS:000294254700001
https://www.cambridge.org/core/journals/journal-of-public-policy/article/political-competition-and-unequal-social-rights/D3CE309C08EB045430372DF9DFAEFB68},
   year = {2011},
   type = {Journal Article}
}

@article{RN35,
   author = {May, P. J. and Koski, C. and Stramp, N.},
   title = {Issue expertise in policymaking},
   journal = {Journal of Public Policy},
   volume = {36},
   number = {2},
   pages = {195-218},
   ISSN = {0143-814X},
   DOI = {10.1017/s0143814x14000233},
   url = {<Go to ISI>://WOS:000375949500002
https://www.cambridge.org/core/services/aop-cambridge-core/content/view/B32F87EFF531AD6D37A97059ADC29147/S0143814X14000233a.pdf/div-class-title-issue-expertise-in-policymaking-div.pdf},
   note={internal-pdf://3843113140/May-2016-Issue expertise in policymaking.pdf},
   year = {2016},
   type = {Journal Article}
}

@article{RN146,
   author = {McConnell, A.},
   title = {Policy Success, Policy Failure and Grey Areas In-Between},
   journal = {Journal of Public Policy},
   volume = {30},
   number = {3},
   pages = {345-362},
   ISSN = {0143-814X},
   DOI = {10.1017/s0143814x10000152},
   url = {<Go to ISI>://WOS:000294254100005
https://www.cambridge.org/core/journals/journal-of-public-policy/article/policy-success-policy-failure-and-grey-areas-inbetween/57FC50487A2A9B02ED757C76857C5CB0},
   year = {2010},
   type = {Journal Article}
}

@article{RN24,
   author = {Mills, R. W. and Kalaf-Hughes, N. and MacDonald, J. A.},
   title = {Agency policy preferences, congressional letter-marking and the allocation of distributive policy benefits},
   journal = {Journal of Public Policy},
   volume = {36},
   number = {4},
   pages = {547-571},
   ISSN = {0143-814X},
   DOI = {10.1017/s0143814x15000252},
   url = {<Go to ISI>://WOS:000387966900002
https://www.cambridge.org/core/journals/journal-of-public-policy/article/agency-policy-preferences-congressional-lettermarking-and-the-allocation-of-distributive-policy-benefits/EFDAE1BC1B9CE176CB0FF8F8EA31C4F3},
   year = {2016},
   type = {Journal Article}
}

@article{RN1,
   author = {Moldogaziev, T. T. and Monogan, J. E. and Witko, C.},
   title = {Income inequality and the growth of redistributive spending in the United States (US) states: is there a link?},
   journal = {Journal of Public Policy},
   volume = {38},
   number = {2},
   pages = {141-163},
   ISSN = {0143-814X},
   DOI = {10.1017/s0143814x17000125},
   url = {<Go to ISI>://WOS:000430925600001
https://www.cambridge.org/core/services/aop-cambridge-core/content/view/3164BA2E8EB00A23D54C56CE3708F68F/S0143814X17000125a.pdf/div-class-title-income-inequality-and-the-growth-of-redistributive-spending-in-the-united-states-us-states-is-there-a-link-div.pdf},
   note={internal-pdf://0304936333/Moldogaziev-2018-Income inequality and the gro.pdf},
   year = {2018},
   type = {Journal Article}
}

@article{RN87,
   author = {Mondou, M. and Skogstad, G. and Houle, D.},
   title = {Policy image resilience, multidimensionality, and policy image management: a study of US biofuel policy},
   journal = {Journal of Public Policy},
   volume = {34},
   number = {1},
   pages = {155-180},
   ISSN = {0143-814X},
   DOI = {10.1017/s0143814x13000317},
   url = {<Go to ISI>://WOS:000332509200007
https://www.cambridge.org/core/journals/journal-of-public-policy/article/policy-image-resilience-multidimensionality-and-policy-image-management-a-study-of-us-biofuel-policy/61C275DAB4027AEEA89B1ADC51815E64},
   year = {2014},
   type = {Journal Article}
}

@article{RN102,
   author = {Monogan, J. E.},
   title = {The politics of immigrant policy in the 50 US states, 2005-2011},
   journal = {Journal of Public Policy},
   volume = {33},
   number = {1},
   pages = {35-64},
   ISSN = {0143-814X},
   DOI = {10.1017/s0143814x12000189},
   url = {<Go to ISI>://WOS:000315458400003
https://www.cambridge.org/core/services/aop-cambridge-core/content/view/781FCC72ECE81B0921E0B6184600DED3/S0143814X12000189a.pdf/div-class-title-the-politics-of-immigrant-policy-in-the-50-us-states-2005-2011-div.pdf},
   note={internal-pdf://2842207327/Monogan-2013-The politics of immigrant policy.pdf},
   year = {2013},
   type = {Journal Article}
}

@article{RN99,
   author = {Mortensen, P. B.},
   title = {Public sector reform and blame avoidance effects},
   journal = {Journal of Public Policy},
   volume = {33},
   number = {2},
   pages = {229-253},
   ISSN = {0143-814X},
   DOI = {10.1017/s0143814x13000032},
   url = {<Go to ISI>://WOS:000319907500006
https://www.cambridge.org/core/journals/journal-of-public-policy/article/public-sector-reform-and-blame-avoidance-effects/A625AF24AF0646074266546EE56A761C},
   year = {2013},
   type = {Journal Article}
}

@article{RN130,
   author = {Moschella, M.},
   title = {Lagged Learning and the Response to Equilibrium Shock: The Global Financial Crisis and IMF Surveillance},
   journal = {Journal of Public Policy},
   volume = {31},
   number = {2},
   pages = {121-141},
   ISSN = {0143-814X},
   DOI = {10.1017/s0143814x11000043},
   url = {<Go to ISI>://WOS:000294255400001
https://www.cambridge.org/core/journals/journal-of-public-policy/article/lagged-learning-and-the-response-to-equilibrium-shock-the-global-financial-crisis-and-imf-surveillance/6646B1AC6FC7C858FADFCE0BD541E4C1},
   year = {2011},
   type = {Journal Article}
}

@article{RN7,
   author = {Mueller, S. and Vatter, A. and Arnold, T.},
   title = {State capture from below? The contradictory effects of decentralisation on public spending},
   journal = {Journal of Public Policy},
   volume = {37},
   number = {4},
   pages = {363-400},
   ISSN = {0143-814X},
   DOI = {10.1017/s0143814x15000355},
   url = {<Go to ISI>://WOS:000414485200002
https://www.cambridge.org/core/journals/journal-of-public-policy/article/state-capture-from-below-the-contradictory-effects-of-decentralisation-on-public-spending/FCD96EC307FB84A5C0D753848ECD9CB5},
   year = {2017},
   type = {Journal Article}
}

@article{RN2,
   author = {Mulvihill, N.},
   title = {The criminalisation of paying for sex in England and Wales: how gender and power are implicated in the making of policy},
   journal = {Journal of Public Policy},
   volume = {38},
   number = {2},
   pages = {165-189},
   ISSN = {0143-814X},
   DOI = {10.1017/s0143814x16000295},
   url = {<Go to ISI>://WOS:000430925600002
https://www.cambridge.org/core/services/aop-cambridge-core/content/view/2FDD14E56D21C8687642FDB25FE2B7D4/S0143814X16000295a.pdf/div-class-title-the-criminalisation-of-paying-for-sex-in-england-and-wales-how-gender-and-power-are-implicated-in-the-making-of-policy-div.pdf},
   note={internal-pdf://3608143575/Mulvihill-2018-The criminalisation of paying f.pdf},
   year = {2018},
   type = {Journal Article}
}

@article{RN118,
   author = {Nay, O.},
   title = {How do policy ideas spread among international administrations? Policy entrepreneurs and bureaucratic influence in the UN response to AIDS},
   journal = {Journal of Public Policy},
   volume = {32},
   number = {1},
   pages = {53-76},
   ISSN = {0143-814X},
   DOI = {10.1017/s0143814x11000183},
   url = {<Go to ISI>://WOS:000307239700004
https://www.cambridge.org/core/journals/journal-of-public-policy/article/how-do-policy-ideas-spread-among-international-administrations-policy-entrepreneurs-and-bureaucratic-influence-in-the-un-response-to-aids/494170163C501B4A8C57D289C1205971},
   year = {2012},
   type = {Journal Article}
}

@article{RN65,
   author = {Nelson, H. T. and Rose, A. and Wei, D. and Peterson, T. and Wennberg, J.},
   title = {Intergovernmental climate change mitigation policies: theory and outcomes},
   journal = {Journal of Public Policy},
   volume = {35},
   number = {1},
   pages = {97-136},
   ISSN = {0143-814X},
   DOI = {10.1017/s0143814x14000117},
   url = {<Go to ISI>://WOS:000350196000004
https://www.cambridge.org/core/journals/journal-of-public-policy/article/intergovernmental-climate-change-mitigation-policies-theory-and-outcomes/5A3D9B9BAB851E77BD98C97A760F31EC},
   year = {2015},
   type = {Journal Article}
}

@article{RN51,
   author = {Neudorfer, N. S.},
   title = {Development, democracy and corruption: how poverty and lack of political rights encourage corruption},
   journal = {Journal of Public Policy},
   volume = {35},
   number = {3},
   pages = {421-457},
   ISSN = {0143-814X},
   DOI = {10.1017/s0143814x14000282},
   url = {<Go to ISI>://WOS:000364932000003
https://www.cambridge.org/core/journals/journal-of-public-policy/article/development-democracy-and-corruption-how-poverty-and-lack-of-political-rights-encourage-corruption/B2E2CE5EA2A3B004BBF172EED3B6592C},
   year = {2015},
   type = {Journal Article}
}

@article{RN126,
   author = {Newland, C. A.},
   title = {PAR: A Professional Journal for Practitioners and Academicians (Reprinted from Journal of Public Policy, vol 6, pg 113-119, 1986)},
   journal = {Journal of Public Policy},
   volume = {31},
   number = {3},
   pages = {357-359},
   ISSN = {0143-814X},
   url = {<Go to ISI>://WOS:000298041500008},
   year = {2011},
   type = {Journal Article}
}

@article{RN142,
   author = {Niemietz, K.},
   title = {Measuring Poverty: Context-Specific but not Relative},
   journal = {Journal of Public Policy},
   volume = {30},
   number = {3},
   pages = {241-262},
   ISSN = {0143-814X},
   DOI = {10.1017/s0143814x10000103},
   url = {<Go to ISI>://WOS:000294254100001
https://www.cambridge.org/core/journals/journal-of-public-policy/article/measuring-poverty-contextspecific-but-not-relative/CE5669D165FA3706B759AB5A0403CE84},
   year = {2010},
   type = {Journal Article}
}

@article{RN69,
   author = {Nixon, D. C.},
   title = {State tax subsidies to bolster the long-term care insurance market},
   journal = {Journal of Public Policy},
   volume = {34},
   number = {3},
   pages = {415-436},
   ISSN = {0143-814X},
   DOI = {10.1017/s0143814x14000178},
   url = {<Go to ISI>://WOS:000345704100003
https://www.cambridge.org/core/services/aop-cambridge-core/content/view/2740B94F890E16B6B4C4A9B35E3F202B/S0143814X14000178a.pdf/div-class-title-state-tax-subsidies-to-bolster-the-long-term-care-insurance-market-div.pdf},
   note={internal-pdf://2070102738/Nixon-2014-State tax subsidies to bolster the.pdf},
   year = {2014},
   type = {Journal Article}
}

@article{RN17,
   author = {Oehl, B. and Schaffer, L. M. and Bernauer, T.},
   title = {How to measure public demand for policies when there is no appropriate survey data?},
   journal = {Journal of Public Policy},
   volume = {37},
   number = {2},
   pages = {173-204},
   ISSN = {0143-814X},
   DOI = {10.1017/s0143814x16000155},
   url = {<Go to ISI>://WOS:000400603400003
https://www.cambridge.org/core/journals/journal-of-public-policy/article/how-to-measure-public-demand-for-policies-when-there-is-no-appropriate-survey-data/8635A006D20FF10B60DB146AED544C2D},
   year = {2017},
   type = {Journal Article}
}

@article{RN162,
   author = {Olesen, J. D.},
   title = {Policymaking without Policy Choice: The Rise of Private Health Insurance in Denmark},
   journal = {Journal of Public Policy},
   volume = {29},
   number = {3},
   pages = {263-285},
   ISSN = {0143-814X},
   DOI = {10.1017/s0143814x0999016x},
   url = {<Go to ISI>://WOS:000208043000002
https://www.cambridge.org/core/journals/journal-of-public-policy/article/policymaking-without-policy-choice-the-rise-of-private-health-insurance-in-denmark/C833ED6BD85CA925095C79DA90FD4E0A},
   year = {2009},
   type = {Journal Article}
}

@article{RN152,
   author = {Oudot, J. M.},
   title = {Performance and Risks in the Defense Procurement Sector},
   journal = {Journal of Public Policy},
   volume = {30},
   number = {2},
   pages = {201-218},
   ISSN = {0143-814X},
   DOI = {10.1017/s0143814x10000073},
   url = {<Go to ISI>://WOS:000294253300004
https://www.cambridge.org/core/journals/journal-of-public-policy/article/performance-and-risks-in-the-defense-procurement-sector/B4813F0C1259A42A9950AD7000C1CB9E},
   year = {2010},
   type = {Journal Article}
}

@article{RN109,
   author = {Padgett, S.},
   title = {Multilateral institutions, accession conditionality and rule transfer in the European Union: the Energy Community in South East Europe},
   journal = {Journal of Public Policy},
   volume = {32},
   number = {3},
   pages = {261-282},
   ISSN = {0143-814X},
   DOI = {10.1017/s0143814x12000086},
   url = {<Go to ISI>://WOS:000310692900005
https://www.cambridge.org/core/journals/journal-of-public-policy/article/multilateral-institutions-accession-conditionality-and-rule-transfer-in-the-european-union-the-energy-community-in-south-east-europe/8C64D11AA82F41279CE85EE2E4D71C31},
   year = {2012},
   type = {Journal Article}
}

@article{RN77,
   author = {Park, S.},
   title = {The politics of redistribution in local governments: the effect of gender representation on welfare spending in California counties},
   journal = {Journal of Public Policy},
   volume = {34},
   number = {2},
   pages = {269-301},
   ISSN = {0143-814X},
   DOI = {10.1017/s0143814x14000075},
   url = {<Go to ISI>://WOS:000337735500005
https://www.cambridge.org/core/journals/journal-of-public-policy/article/politics-of-redistribution-in-local-governments-the-effect-of-gender-representation-on-welfare-spending-in-california-counties/049E651B8F0FCE4F7C3FBAAD5CA8AA41},
   year = {2014},
   type = {Journal Article}
}

@article{RN34,
   author = {Perez-Munoz, C.},
   title = {A defence of participation income},
   journal = {Journal of Public Policy},
   volume = {36},
   number = {2},
   pages = {169-193},
   ISSN = {0143-814X},
   DOI = {10.1017/s0143814x15000215},
   url = {<Go to ISI>://WOS:000375949500001
https://www.cambridge.org/core/journals/journal-of-public-policy/article/defence-of-participation-income/A03B09513C843605274E34744388638C},
   year = {2016},
   type = {Journal Article}
}

@article{RN36,
   author = {Perri},
   title = {Explaining styles of political judgement in British government: comparing isolation dynamics (1959-1974)},
   journal = {Journal of Public Policy},
   volume = {36},
   number = {2},
   pages = {219-250},
   ISSN = {0143-814X},
   DOI = {10.1017/s0143814x15000100},
   url = {<Go to ISI>://WOS:000375949500003
https://www.cambridge.org/core/journals/journal-of-public-policy/article/explaining-styles-of-political-judgement-in-british-government-comparing-isolation-dynamics-19591974/7E6C6C71D9BA8E4EFCDB62BB1B759D42},
   year = {2016},
   type = {Journal Article}
}

@article{RN79,
   author = {Quesada, M. G.},
   title = {The EU as an "enforcement patchwork": the impact of national enforcement for compliance with EU water law in Spain and Britain},
   journal = {Journal of Public Policy},
   volume = {34},
   number = {2},
   pages = {331-353},
   ISSN = {0143-814X},
   DOI = {10.1017/s0143814x13000238},
   url = {<Go to ISI>://WOS:000337735500007
https://www.cambridge.org/core/journals/journal-of-public-policy/article/eu-as-an-enforcement-patchwork-the-impact-of-national-enforcement-for-compliance-with-eu-water-law-in-spain-and-britain/D4A2266B0C22F31275C5EBFE75E42BB8},
   year = {2014},
   type = {Journal Article}
}

@article{RN132,
   author = {Raudla, R. and Kattel, R.},
   title = {Why Did Estonia Choose Fiscal Retrenchment after the 2008 Crisis?},
   journal = {Journal of Public Policy},
   volume = {31},
   number = {2},
   pages = {163-186},
   ISSN = {0143-814X},
   DOI = {10.1017/s0143814x11000067},
   url = {<Go to ISI>://WOS:000294255400003
https://www.cambridge.org/core/journals/journal-of-public-policy/article/why-did-estonia-choose-fiscal-retrenchment-after-the-2008-crisis/C72AA6530A5D70256EE853D613DD0EEC},
   year = {2011},
   type = {Journal Article}
}

@article{RN50,
   author = {Rheault, L.},
   title = {Low-technology industries and the skill composition of immigration},
   journal = {Journal of Public Policy},
   volume = {35},
   number = {3},
   pages = {387-420},
   ISSN = {0143-814X},
   DOI = {10.1017/s0143814x14000191},
   url = {<Go to ISI>://WOS:000364932000002
https://www.cambridge.org/core/journals/journal-of-public-policy/article/lowtechnology-industries-and-the-skill-composition-of-immigration/315CFC2F8E10FEA144B74048AD498C5F},
   year = {2015},
   type = {Journal Article}
}

@article{RN164,
   author = {Roberts, A.},
   title = {The Politics of Healthcare Reform in Postcommunist Europe: The Importance of Access},
   journal = {Journal of Public Policy},
   volume = {29},
   number = {3},
   pages = {305-325},
   ISSN = {0143-814X},
   DOI = {10.1017/s0143814x09990110},
   url = {<Go to ISI>://WOS:000208043000004
https://www.cambridge.org/core/journals/journal-of-public-policy/article/politics-of-healthcare-reform-in-postcommunist-europe-the-importance-of-access/354BC7DAD702CD8AFED1D599CF689E4C},
   year = {2009},
   type = {Journal Article}
}

@article{RN83,
   author = {Rocco, P. and Thurston, C.},
   title = {From metaphors to measures: observable indicators of gradual institutional change},
   journal = {Journal of Public Policy},
   volume = {34},
   number = {1},
   pages = {35-62},
   ISSN = {0143-814X},
   DOI = {10.1017/s0143814x13000305},
   url = {<Go to ISI>://WOS:000332509200003
https://www.cambridge.org/core/journals/journal-of-public-policy/article/from-metaphors-to-measures-observable-indicators-of-gradual-institutional-change/08362587570F68A229966DF1AEEE66E0},
   year = {2014},
   type = {Journal Article}
}

@article{RN80,
   author = {Rocco, P. and Thurston, C.},
   title = {From metaphors to measures: observable indicators of gradual institutional change (vol 34, pg 35, 2014)},
   journal = {Journal of Public Policy},
   volume = {34},
   number = {2},
   pages = {355-355},
   ISSN = {0143-814X},
   DOI = {10.1017/s0143814x14000063},
   url = {<Go to ISI>://WOS:000337735500008
https://www.cambridge.org/core/services/aop-cambridge-core/content/view/000CEAD85CFFBB63372AD694831C8A3D/S0143814X14000063a.pdf/div-class-title-from-metaphors-to-measures-observable-indicators-of-gradual-institutional-change-corrigendum-div.pdf},
   note={internal-pdf://2168519727/Rocco-2014-From metaphors to measures_ observa.pdf},
   year = {2014},
   type = {Journal Article}
}

@article{RN74,
   author = {Rogers, M. Z. and Weller, N.},
   title = {Income taxation and the validity of state capacity indicators},
   journal = {Journal of Public Policy},
   volume = {34},
   number = {2},
   pages = {183-206},
   ISSN = {0143-814X},
   DOI = {10.1017/s0143814x1300024x},
   url = {<Go to ISI>://WOS:000337735500002
https://www.cambridge.org/core/journals/journal-of-public-policy/article/income-taxation-and-the-validity-of-state-capacity-indicators/98E01239F560DDAC03C960FC271A234F},
   year = {2014},
   type = {Journal Article}
}

@article{RN127,
   author = {Rose, R.},
   title = {Editing an International Interdisciplinary Journal (Reprinted from Journal of Public Policy, vol 6, pg 113-119, 1986)},
   journal = {Journal of Public Policy},
   volume = {31},
   number = {3},
   pages = {359-361},
   ISSN = {0143-814X},
   url = {<Go to ISI>://WOS:000298041500009},
   year = {2011},
   type = {Journal Article}
}

@article{RN119,
   author = {Rose, R.},
   title = {The Journal of Public Policy in perspective},
   journal = {Journal of Public Policy},
   volume = {31},
   number = {3},
   pages = {235-239},
   ISSN = {0143-814X},
   DOI = {10.1017/s0143814x11000146},
   url = {<Go to ISI>://WOS:000298041500001
https://www.cambridge.org/core/journals/journal-of-public-policy/article/journal-of-public-policy-in-perspective/B9CE3C03558272602AB3B211E39E4137},
   year = {2011},
   type = {Journal Article}
}

@article{RN122,
   author = {Rose, R.},
   title = {Putting Monetary Policy in its Political Place (Reprinted from Journal of Public Policy, vol 22, pg 257-269, 2002)},
   journal = {Journal of Public Policy},
   volume = {31},
   number = {3},
   pages = {291-303},
   ISSN = {0143-814X},
   DOI = {10.1017/s0143814x0200510x},
   url = {<Go to ISI>://WOS:000298041500004
https://www.cambridge.org/core/services/aop-cambridge-core/content/view/13918C66B6A9B9263C799066E5597709/S0143814X0200510Xa.pdf/div-class-title-putting-monetary-policy-in-its-political-place-div.pdf},
   note={internal-pdf://4225051798/Rose-2011-Putting Monetary Policy in its Polit.pdf},
   year = {2011},
   type = {Journal Article}
}

@article{RN141,
   author = {Rose, R.},
   title = {Small States in Europe},
   journal = {Journal of Public Policy},
   volume = {31},
   number = {1},
   pages = {119-120},
   ISSN = {0143-814X},
   url = {<Go to ISI>://WOS:000294254700007},
   year = {2011},
   type = {Journal Article}
}

@article{RN140,
   author = {Rose, R.},
   title = {Small States in the European Union: Coping with Structural Disadvantages},
   journal = {Journal of Public Policy},
   volume = {31},
   number = {1},
   pages = {119-120},
   ISSN = {0143-814X},
   url = {<Go to ISI>://WOS:000294254700006},
   year = {2011},
   type = {Journal Article}
}

@article{RN13,
   author = {Sager, F. and Thomann, E.},
   title = {Multiple streams in member state implementation: politics, problem construction and policy paths in Swiss asylum policy},
   journal = {Journal of Public Policy},
   volume = {37},
   number = {3},
   pages = {287-314},
   ISSN = {0143-814X},
   DOI = {10.1017/s0143814x1600009x},
   url = {<Go to ISI>://WOS:000407553600003
https://www.cambridge.org/core/journals/journal-of-public-policy/article/multiple-streams-in-member-state-implementation-politics-problem-construction-and-policy-paths-in-swiss-asylum-policy/842C6EDB73859235C537B3E7D9AF59C4},
   year = {2017},
   type = {Journal Article}
}

@article{RN139,
   author = {Schmitt, C.},
   title = {What Drives the Diffusion of Privatization Policy? Evidence from the Telecommunications Sector},
   journal = {Journal of Public Policy},
   volume = {31},
   number = {1},
   pages = {95-117},
   ISSN = {0143-814X},
   DOI = {10.1017/s0143814x11000018},
   url = {<Go to ISI>://WOS:000294254700005
https://www.cambridge.org/core/journals/journal-of-public-policy/article/what-drives-the-diffusion-of-privatization-policy-evidence-from-the-telecommunications-sector/3BB413F5EA9D5EFDEB3F5D8F7C3BC0DA},
   year = {2011},
   type = {Journal Article}
}

@article{RN165,
   author = {Schniewind, A. and Freitag, M. and Vatter, A.},
   title = {Big Cabinets, Big Governments? Grand Coalitions and Public Policy in the German Laender},
   journal = {Journal of Public Policy},
   volume = {29},
   number = {3},
   pages = {327-345},
   ISSN = {0143-814X},
   DOI = {10.1017/s0143814x09990092},
   url = {<Go to ISI>://WOS:000208043000005
https://www.cambridge.org/core/journals/journal-of-public-policy/article/big-cabinets-big-governments-grand-coalitions-and-public-policy-in-the-german-laender/E100523640DA08399FB4634621CE01BC},
   year = {2009},
   type = {Journal Article}
}

@article{RN128,
   author = {Schout, A.},
   title = {Assessing the Added Value of an EU Agency for Aviation Safety},
   journal = {Journal of Public Policy},
   volume = {31},
   number = {3},
   pages = {363-384},
   ISSN = {0143-814X},
   DOI = {10.1017/s0143814x11000110},
   url = {<Go to ISI>://WOS:000298041500010
https://www.cambridge.org/core/journals/journal-of-public-policy/article/assessing-the-added-value-of-an-eu-agency-for-aviation-safety1/43886CFDA6A38E57FC0245F6A5FDA001},
   year = {2011},
   type = {Journal Article}
}

@article{RN104,
   author = {Seeberg, H. B.},
   title = {The opposition's policy influence through issue politicisation},
   journal = {Journal of Public Policy},
   volume = {33},
   number = {1},
   pages = {89-107},
   ISSN = {0143-814X},
   DOI = {10.1017/s0143814x12000190},
   url = {<Go to ISI>://WOS:000315458400005
https://www.cambridge.org/core/journals/journal-of-public-policy/article/oppositions-policy-influence-through-issue-politicisation/7EFD776C33879C5C1271A776EA7ADD9B},
   year = {2013},
   type = {Journal Article}
}

@article{RN14,
   author = {Sellers, M. D.},
   title = {Gubernatorial use of executive orders: unilateral action and policy adoption},
   journal = {Journal of Public Policy},
   volume = {37},
   number = {3},
   pages = {315-339},
   ISSN = {0143-814X},
   DOI = {10.1017/s0143814x16000180},
   url = {<Go to ISI>://WOS:000407553600004
https://www.cambridge.org/core/journals/journal-of-public-policy/article/gubernatorial-use-of-executive-orders-unilateral-action-and-policy-adoption/A1EE79DCEDAF3E7256477ADC59904CAC},
   year = {2017},
   type = {Journal Article}
}

@article{RN67,
   author = {Shipan, C. R. and Volden, C.},
   title = {When the smoke clears: expertise, learning and policy diffusion},
   journal = {Journal of Public Policy},
   volume = {34},
   number = {3},
   pages = {357-387},
   ISSN = {0143-814X},
   DOI = {10.1017/s0143814x14000142},
   url = {<Go to ISI>://WOS:000345704100001
https://www.cambridge.org/core/journals/journal-of-public-policy/article/when-the-smoke-clears-expertise-learning-and-policy-diffusion/E2B82FA7386D8447C6A5629B9F8D6FC4},
   year = {2014},
   type = {Journal Article}
}

@article{RN123,
   author = {Silvia, S. J.},
   title = {Is the Euro Working? The Euro and European Labour Markets (Reprinted from Journal of Public Policy, vol 24, pg 147-168, 2004)},
   journal = {Journal of Public Policy},
   volume = {31},
   number = {3},
   pages = {305-326},
   ISSN = {0143-814X},
   DOI = {10.1017/s0143814x0400008x},
   url = {<Go to ISI>://WOS:000298041500005
https://www.cambridge.org/core/services/aop-cambridge-core/content/view/ECB8842251FCE6D0B16AA67BFD80C803/S0143814X0400008Xa.pdf/div-class-title-is-the-euro-working-the-euro-and-european-labour-markets-div.pdf},
   note={internal-pdf://1956956921/Silvia-2011-Is the Euro Working_ The Euro and.pdf},
   year = {2011},
   type = {Journal Article}
}

@article{RN45,
   author = {Smith, M. G. and Urpelainen, J.},
   title = {Windows of opportunity: legislative fragmentation conditions the effect of partisanship on product market deregulation},
   journal = {Journal of Public Policy},
   volume = {36},
   number = {1},
   pages = {51-86},
   ISSN = {0143-814X},
   DOI = {10.1017/s0143814x14000300},
   url = {<Go to ISI>://WOS:000370632500006
https://www.cambridge.org/core/journals/journal-of-public-policy/article/windows-of-opportunity-legislative-fragmentation-conditions-the-effect-of-partisanship-on-product-market-deregulation/33DCE2274361F61917CBF6ECB60315B6},
   year = {2016},
   type = {Journal Article}
}

@article{RN160,
   author = {Staronova, K.},
   title = {Regulatory Impact Assessment: Formal Institutionalization and Practice},
   journal = {Journal of Public Policy},
   volume = {30},
   number = {1},
   pages = {117-136},
   ISSN = {0143-814X},
   DOI = {10.1017/s0143814x09990201},
   url = {<Go to ISI>://WOS:000294253100007
https://www.cambridge.org/core/journals/journal-of-public-policy/article/regulatory-impact-assessment-formal-institutionalization-and-practice/E0F2B2F4A5EA0BC49A4AABC8EADEAA31},
   year = {2010},
   type = {Journal Article}
}

@article{RN59,
   author = {Stoutenborough, J. W. and Bromley-Trujillo, R. and Vedlitz, A.},
   title = {How to win friends and influence people: climate scientists' perspectives on their relationship with and influence on government officials},
   journal = {Journal of Public Policy},
   volume = {35},
   number = {2},
   pages = {269-296},
   ISSN = {0143-814X},
   DOI = {10.1017/s0143814x15000112},
   url = {<Go to ISI>://WOS:000356925300005
https://www.cambridge.org/core/services/aop-cambridge-core/content/view/B3B2E062A009241CD9AA4F9229C44D45/S0143814X15000112a.pdf/div-class-title-how-to-win-friends-and-influence-people-climate-scientists-perspectives-on-their-relationship-with-and-influence-on-government-officials-div.pdf},
   note={internal-pdf://3317667806/Stoutenborough-2015-How to win friends and inf.pdf},
   year = {2015},
   type = {Journal Article}
}

@article{RN12,
   author = {Tai, L.},
   title = {Regulatory capture and quality},
   journal = {Journal of Public Policy},
   volume = {37},
   number = {3},
   pages = {261-286},
   ISSN = {0143-814X},
   DOI = {10.1017/s0143814x16000131},
   url = {<Go to ISI>://WOS:000407553600002
https://www.cambridge.org/core/journals/journal-of-public-policy/article/regulatory-capture-and-quality/9C410766B91B2048E2BE5FAEA80CFB98},
   year = {2017},
   type = {Journal Article}
}

@article{RN20,
   author = {Tama, J.},
   title = {The politics of strategy: why government agencies conduct major strategic reviews},
   journal = {Journal of Public Policy},
   volume = {37},
   number = {1},
   pages = {27-54},
   ISSN = {0143-814X},
   DOI = {10.1017/s0143814x15000148},
   url = {<Go to ISI>://WOS:000395413200002
https://www.cambridge.org/core/journals/journal-of-public-policy/article/politics-of-strategy-why-government-agencies-conduct-major-strategic-reviews/C3D632C7B17FDC0F0971F388A871C2F6},
   year = {2017},
   type = {Journal Article}
}

@article{RN76,
   author = {Tatham, M. and Bauer, M. W.},
   title = {Support from below? Supranational institutions, regional elites and governance preferences},
   journal = {Journal of Public Policy},
   volume = {34},
   number = {2},
   pages = {237-267},
   ISSN = {0143-814X},
   DOI = {10.1017/s0143814x13000299},
   url = {<Go to ISI>://WOS:000337735500004
https://www.cambridge.org/core/journals/journal-of-public-policy/article/support-from-below-supranational-institutions-regional-elites-and-governance-preferences/F48AA040E4ECEB8CF448ED1B6968CE46},
   year = {2014},
   type = {Journal Article}
}

@article{RN96,
   author = {Teodoro, M. P.},
   title = {Moving in, managing up: executive job formation and political behaviour},
   journal = {Journal of Public Policy},
   volume = {33},
   number = {2},
   pages = {137-164},
   ISSN = {0143-814X},
   DOI = {10.1017/s0143814x1300007x},
   url = {<Go to ISI>://WOS:000319907500003
https://www.cambridge.org/core/journals/journal-of-public-policy/article/moving-in-managing-up-executive-job-formation-and-political-behaviour/A121C5630C54461117942A9AFE773D09},
   year = {2013},
   type = {Journal Article}
}

@article{RN8,
   author = {Teodoro, M. P. and Pitcher, M. A.},
   title = {Contingent technocracy: bureaucratic independence in developing countries},
   journal = {Journal of Public Policy},
   volume = {37},
   number = {4},
   pages = {401-429},
   ISSN = {0143-814X},
   DOI = {10.1017/s0143814x16000258},
   url = {<Go to ISI>://WOS:000414485200003
https://www.cambridge.org/core/journals/journal-of-public-policy/article/contingent-technocracy-bureaucratic-independence-in-developing-countries/BCF1D754B7B40FEC1C177E4FCFDC1378},
   year = {2017},
   type = {Journal Article}
}

@article{RN173,
   author = {Tepe, M. and Vanhuysse, P.},
   title = {Are Aging OECD Welfare States on the Path to Gerontocracy? Evidence from 18 Democracies, 1980-2002},
   journal = {Journal of Public Policy},
   volume = {29},
   number = {1},
   pages = {1-28},
   ISSN = {0143-814X},
   DOI = {10.1017/s0143814x0900097x},
   url = {<Go to ISI>://WOS:000208042800001
https://www.cambridge.org/core/journals/journal-of-public-policy/article/are-aging-oecd-welfare-states-on-the-path-to-gerontocracy/1429CDAE9E4EA25713CAAA3E322436D9},
   year = {2009},
   type = {Journal Article}
}

@article{RN97,
   author = {Tepe, M. and Vanhuysse, P.},
   title = {Cops for hire? The political economy of police employment in the German states},
   journal = {Journal of Public Policy},
   volume = {33},
   number = {2},
   pages = {165-199},
   ISSN = {0143-814X},
   DOI = {10.1017/s0143814x13000068},
   url = {<Go to ISI>://WOS:000319907500004
https://www.cambridge.org/core/journals/journal-of-public-policy/article/cops-for-hire-the-political-economy-of-police-employment-in-the-german-states/06B3F87D5310416701B3AD227C5D31BD},
   year = {2013},
   type = {Journal Article}
}

@article{RN15,
   author = {Trein, P.},
   title = {Europeanisation beyond the European Union: tobacco advertisement restrictions in Swiss cantons},
   journal = {Journal of Public Policy},
   volume = {37},
   number = {2},
   pages = {113-142},
   ISSN = {0143-814X},
   DOI = {10.1017/s0143814x16000167},
   url = {<Go to ISI>://WOS:000400603400001
https://www.cambridge.org/core/journals/journal-of-public-policy/article/europeanisation-beyond-the-european-union-tobacco-advertisement-restrictions-in-swiss-cantons/7B624258052399A558DA767DE3817AD9},
   year = {2017},
   type = {Journal Article}
}

@article{RN166,
   author = {Ugur, M.},
   title = {Regulatory Quality and Performance in EU Network Industries: Evidence on Telecommunications, Gas and Electricity},
   journal = {Journal of Public Policy},
   volume = {29},
   number = {3},
   pages = {347-370},
   ISSN = {0143-814X},
   DOI = {10.1017/s0143814x09990109},
   url = {<Go to ISI>://WOS:000208043000006
https://www.cambridge.org/core/journals/journal-of-public-policy/article/regulatory-quality-and-performance-in-eu-network-industries-evidence-on-telecommunications-gas-and-electricity/39A834926DEFBFBF6B54E5A366C51D57},
   year = {2009},
   type = {Journal Article}
}

@article{RN19,
   author = {Varone, F. and Ingold, K. and Jourdain, C.},
   title = {Defending the status quo across venues and coalitions: evidence from California interest groups},
   journal = {Journal of Public Policy},
   volume = {37},
   number = {1},
   pages = {1-26},
   ISSN = {0143-814X},
   DOI = {10.1017/s0143814x16000179},
   url = {<Go to ISI>://WOS:000395413200001
https://www.cambridge.org/core/journals/journal-of-public-policy/article/defending-the-status-quo-across-venues-and-coalitions-evidence-from-california-interest-groups/A1FD7E08AC6B8C0B58ADABB173F88956},
   year = {2017},
   type = {Journal Article}
}

@article{RN138,
   author = {Villard, P.},
   title = {Changing Frames of Reference and Regulatory Structures: French Airport Policy in Transition},
   journal = {Journal of Public Policy},
   volume = {31},
   number = {1},
   pages = {73-93},
   ISSN = {0143-814X},
   DOI = {10.1017/s0143814x10000231},
   url = {<Go to ISI>://WOS:000294254700004
https://www.cambridge.org/core/journals/journal-of-public-policy/article/changing-frames-of-reference-and-regulatory-structures-french-airport-policy-in-transition/504CF352BC4F3720F064F7B2B3428877},
   year = {2011},
   type = {Journal Article}
}

@article{RN56,
   author = {Vining, A. R. and Laurin, C. and Weimer, D.},
   title = {The longer-run performance effects of agencification: theory and evidence from Quebec agencies},
   journal = {Journal of Public Policy},
   volume = {35},
   number = {2},
   pages = {193-222},
   ISSN = {0143-814X},
   DOI = {10.1017/s0143814x14000245},
   url = {<Go to ISI>://WOS:000356925300002
https://www.cambridge.org/core/journals/journal-of-public-policy/article/longerrun-performance-effects-of-agencification-theory-and-evidence-from-quebec-agencies/4382133C532E1C1C2ECCF3B621B2D459},
   year = {2015},
   type = {Journal Article}
}

@article{RN148,
   author = {Wallace, C.},
   title = {The Politics of Happiness. What Government Can Learn from the New Research on Well-being},
   journal = {Journal of Public Policy},
   volume = {30},
   number = {3},
   pages = {366-367},
   ISSN = {0143-814X},
   DOI = {10.1017/s0143814x10000188},
   url = {<Go to ISI>://WOS:000294254100007
https://www.cambridge.org/core/journals/journal-of-public-policy/article/derek-bok-the-politics-of-happiness-what-government-can-learn-from-the-new-research-on-wellbeing-2010-princeton-university-press-princeton-and-oxford/C0CA0EE6A85B075827B875D2793894C9},
   year = {2010},
   type = {Journal Article}
}

@article{RN149,
   author = {Weaver, R. K.},
   title = {Paths and Forks or Chutes and Ladders?: Negative Feedbacks and Policy Regime Change},
   journal = {Journal of Public Policy},
   volume = {30},
   number = {2},
   pages = {137-162},
   ISSN = {0143-814X},
   DOI = {10.1017/s0143814x10000061},
   url = {<Go to ISI>://WOS:000294253300001
https://www.cambridge.org/core/journals/journal-of-public-policy/article/paths-and-forks-or-chutes-and-ladders-negative-feedbacks-and-policy-regime-change/3BF6EFCD53EE96FDD9F75C6ABE3BCA14},
   year = {2010},
   type = {Journal Article}
}

@article{RN121,
   author = {Weaver, R. K.},
   title = {The Politics of Blame Avoidance (Reprinted from Journal of Public Policy, vol 6, pg 371-398, 1986)},
   journal = {Journal of Public Policy},
   volume = {31},
   number = {3},
   pages = {263-290},
   ISSN = {0143-814X},
   url = {<Go to ISI>://WOS:000298041500003},
   year = {2011},
   type = {Journal Article}
}

@article{RN16,
   author = {Weisstanner, D.},
   title = {The fiscal benefits of repeated cooperation: coalitions and debt dynamics in 36 democracies},
   journal = {Journal of Public Policy},
   volume = {37},
   number = {2},
   pages = {143-172},
   ISSN = {0143-814X},
   DOI = {10.1017/s0143814x16000040},
   url = {<Go to ISI>://WOS:000400603400002
https://www.cambridge.org/core/journals/journal-of-public-policy/article/fiscal-benefits-of-repeated-cooperation-coalitions-and-debt-dynamics-in-36-democracies/8C08AE4543844D265F459A110C619B4E},
   year = {2017},
   type = {Journal Article}
}

@article{RN84,
   author = {Wenzelburger, G.},
   title = {Fact or fiction? Welfare cuts and fiscal adjustments},
   journal = {Journal of Public Policy},
   volume = {34},
   number = {1},
   pages = {63-92},
   ISSN = {0143-814X},
   DOI = {10.1017/s0143814x13000251},
   url = {<Go to ISI>://WOS:000332509200004
https://www.cambridge.org/core/journals/journal-of-public-policy/article/fact-or-fiction-welfare-cuts-and-fiscal-adjustments/561E1E7B3368D5F68C0BF3BB58FC4222},
   year = {2014},
   type = {Journal Article}
}

@article{RN116,
   author = {Whitford, A. and Lee, S. Y.},
   title = {Disorder, dictatorship and government effectiveness: cross-national evidence},
   journal = {Journal of Public Policy},
   volume = {32},
   number = {1},
   pages = {5-31},
   ISSN = {0143-814X},
   DOI = {10.1017/s0143814x11000201},
   url = {<Go to ISI>://WOS:000307239700002
https://www.cambridge.org/core/journals/journal-of-public-policy/article/disorder-dictatorship-and-government-effectiveness-crossnational-evidence/7A7EB2D254C23E4FF28761D09B89895E},
   year = {2012},
   type = {Journal Article}
}

@article{RN174,
   author = {Williams, R. A.},
   title = {Exogenous Shocks in Subsystem Adjustment and Policy Change: The Credit Crunch and Canadian Banking Regulation},
   journal = {Journal of Public Policy},
   volume = {29},
   number = {1},
   pages = {29-53},
   ISSN = {0143-814X},
   DOI = {10.1017/s0143814x09001007},
   url = {<Go to ISI>://WOS:000208042800002
https://www.cambridge.org/core/journals/journal-of-public-policy/article/exogenous-shocks-in-subsystem-adjustment-and-policy-change-the-credit-crunch-and-canadian-banking-regulation/938E4D54F4A99F3523FE5A29537EBB4B},
   year = {2009},
   type = {Journal Article}
}

@article{RN21,
   author = {Yarbrough, C. R.},
   title = {Plan generosity in health insurance exchanges: what the Affordable Care Act can teach us about top-down versus bottom-up policy implementation},
   journal = {Journal of Public Policy},
   volume = {37},
   number = {1},
   pages = {55-83},
   ISSN = {0143-814X},
   DOI = {10.1017/s0143814x16000015},
   url = {<Go to ISI>://WOS:000395413200003
https://www.cambridge.org/core/services/aop-cambridge-core/content/view/BD66176845284972BBA3BDC44224535E/S0143814X16000015a.pdf/div-class-title-plan-generosity-in-health-insurance-exchanges-what-the-affordable-care-act-can-teach-us-about-top-down-versus-bottom-up-policy-implementation-div.pdf},
   note={internal-pdf://3928819803/Yarbrough-2017-Plan generosity in health insur.pdf},
   year = {2017},
   type = {Journal Article}
}

@article{RN75,
   author = {Yoon, J. and Boydstun, A. E.},
   title = {Dominating the news: government officials in front-page news coverage of policy issues in the United States and Korea},
   journal = {Journal of Public Policy},
   volume = {34},
   number = {2},
   pages = {207-235},
   ISSN = {0143-814X},
   DOI = {10.1017/s0143814x14000051},
   url = {<Go to ISI>://WOS:000337735500003
https://www.cambridge.org/core/journals/journal-of-public-policy/article/dominating-the-news-government-officials-in-frontpage-news-coverage-of-policy-issues-in-the-united-states-and-korea/B6C8A8E1E5B20E01E68C60BE7098760A},
   year = {2014},
   type = {Journal Article}
}

@article{RN112,
   author = {Zahariadis, N.},
   title = {Complexity, coupling and policy effectiveness: the European response to the Greek sovereign debt crisis},
   journal = {Journal of Public Policy},
   volume = {32},
   number = {2},
   pages = {99-116},
   ISSN = {0143-814X},
   DOI = {10.1017/s0143814x12000062},
   url = {<Go to ISI>://WOS:000307240100003
https://www.cambridge.org/core/journals/journal-of-public-policy/article/complexity-coupling-and-policy-effectiveness-the-european-response-to-the-greek-sovereign-debt-crisis/8F70B96B2DD5AE6D30C9530F3F62DE09},
   year = {2012},
   type = {Journal Article}
}

@article{RN61,
   author = {Zhang, Y. L.},
   title = {The formation of public-private partnerships in China: an institutional perspective},
   journal = {Journal of Public Policy},
   volume = {35},
   number = {2},
   pages = {329-354},
   ISSN = {0143-814X},
   DOI = {10.1017/s0143814x15000185},
   url = {<Go to ISI>://WOS:000356925300007
https://www.cambridge.org/core/journals/journal-of-public-policy/article/formation-of-publicprivate-partnerships-in-china-an-institutional-perspective/BB088D63527171CA13A3BC0821553668},
   year = {2015},
   type = {Journal Article}
}

@article{RN154,
   author = {Zubek, R. and Goetz, K. H.},
   title = {Performing to Type? How State Institutions Matter in East Central Europe},
   journal = {Journal of Public Policy},
   volume = {30},
   number = {1},
   pages = {1-22},
   ISSN = {0143-814X},
   DOI = {10.1017/s0143814x09990237},
   url = {<Go to ISI>://WOS:000294253100001
https://www.cambridge.org/core/journals/journal-of-public-policy/article/performing-to-type-how-state-institutions-matter-in-east-central-europe/3C05D40E1E081D0F8C2267C8B066499A},
   year = {2010},
   type = {Journal Article}
}

@article{RN157,
   author = {Zubek, R. and Stecker, C.},
   title = {Legislatures and Policy Uncertainty: Evidence from East Central Europe},
   journal = {Journal of Public Policy},
   volume = {30},
   number = {1},
   pages = {63-80},
   ISSN = {0143-814X},
   DOI = {10.1017/s0143814x09990225},
   url = {<Go to ISI>://WOS:000294253100004
https://www.cambridge.org/core/journals/journal-of-public-policy/article/legislatures-and-policy-uncertainty-evidence-from-east-central-europe/3A03862A9E550F0D37842553CA6307AE},
   year = {2010},
   type = {Journal Article}
}

