@Manual{pdfsearch,
    title = {pdfsearch: Search Tools for PDF Files},
    author = {Brandon LeBeau},
    year = {2016},
    note = {R package version 0.1.1},
    url = {https://github.com/lebebr01/pdfsearch},
  }
  
@Manual{rpro,
    title = {R: A Language and Environment for Statistical Computing},
    author = {{R Core Team}},
    organization = {R Foundation for Statistical Computing},
    address = {Vienna, Austria},
    year = {2017},
    url = {https://www.R-project.org/},
  }
  